2008 3230
269 153 351 188 LVI
917 149 1201 186 PRAEFATIO.

276 265 376 304 ciale
407 266 567 317 uocant,
600 266 807 304 exaratum
837 264 960 303 fuisse
993 263 1264 314 compluribus
1294 261 1452 301 indiciis
1483 261 1693 311 probatur:
1730 261 1848 300 uelut

273 325 315 363 in
336 324 572 363 exeuntibus
597 324 806 364 uocabulis
830 323 1018 374 librarius
1045 323 1240 373 syllabam
1265 334 1312 361 us
1338 322 1451 373 signo
1471 317 1667 359 'reddere
1693 320 1847 359 solebat

274 379 324 437 (c.
351 384 392 422 II
419 385 456 435 4,
484 385 538 422 23
572 386 635 423 cui
658 397 729 434 pro
757 383 829 422 cui’
855 383 898 421 in
915 369 988 435 ΕΙ)
1022 383 1062 421 et
1086 383 1111 431 f
1129 381 1399 421 confundebat
1429 393 1520 419 cum
1545 381 1569 428 f
1587 375 1640 434 (c.
1664 380 1705 418 ΙΙ
1731 381 1770 431 4,
1792 380 1846 418 14

269 444 383 492 philli
414 444 605 491 difflauac
634 443 666 481 Ε
700 455 772 493 pro
797 443 976 493 phinidis
1006 436 1168 495 flasccae).

1023 567 1103 611 Fa'

394 651 581 690 Proxima
621 649 808 689 adfinitas
846 649 1059 688 intercedit
1094 649 1201 688 inter
1229 649 1262 687 Ε
1300 650 1340 688 et
1371 644 1410 687 λ’
1430 643 1505 702 (=
1526 642 1634 702 λ1)1)
1673 647 1848 698 exceptis

275 711 325 748 iis
356 711 466 761 locis,
496 710 567 749 ubi
593 705 631 748 λ’
657 722 747 748 cum
772 708 1038 748 Mauortianis
1065 708 1176 747 libris
1207 708 1315 748 facit.
1376 708 1664 758 Inscriptiones
1689 719 1850 758 quoque

221 767 224 772 ’
278 770 438 809 eaedem
471 782 553 808 esse
582 770 721 819 solent,
754 781 824 807 nec
856 768 988 806 minus
1016 768 1284 819 singularium
1309 767 1528 806 lectionum
1556 779 1704 818 magna
1735 765 1851 816 copia

276 831 323 867 ut
355 842 385 868 c.
412 829 432 867 Ι
460 831 497 880 7,
526 831 579 868 25
612 830 797 877 parentes
839 840 911 877 pro
947 830 1113 876 parente
1149 828 1218 878 ΕΙ,
1251 840 1282 867 0.
1308 827 1349 864 ΙΙ
1375 828 1414 877 4,
1443 828 1495 865 23
1538 827 1600 864 cui
1636 838 1708 875 pro
1741 826 1852 864 cuius

278 888 343 939 ΕΙ,
370 901 401 928 c.
427 888 468 926 II
496 890 561 935 13,
590 890 614 927 8
642 888 805 926 colchica
829 887 902 938 ΕΙ,
928 899 959 926 0.
985 887 1026 924 ΙΙ
1055 889 1121 938 13,
1150 888 1204 926 38
1232 897 1363 924 somno
1395 898 1467 935 pro
1494 896 1586 924 sono
1610 881 1706 936 Fr,
1733 897 1764 922 e.
1789 884 1852 923 HI

281 950 319 997 7,
347 949 403 986 20
433 950 560 986 mouet
588 960 660 997 pro
691 949 818 984 monet
846 946 919 997 ΕΙ,
951 958 1064 985 serm.
1090 946 1111 984 Ι
1138 947 1175 997 3,
1203 947 1257 984 35
1296 945 1482 983 insederit
1519 939 1661 996 Ελ’β’,
1693 955 1806 982 serm.
1831 943 1853 982 Ι

279 1008 318 1058 4,
346 1008 400 1045 54
432 1007 595 1045 uerbum
619 1019 691 1056 pro
722 1006 853 1044 uerbis
884 1001 975 1056 Fz',
1008 1017 1121 1044 serm.
1147 1005 1167 1043 Ι
1193 1006 1231 1056 5,
1258 1005 1312 1043 45
1342 1015 1542 1053 proxwma
1572 999 1663 1055 Ελ’,
1695 1016 1809 1042 serm.
1833 1003 1855 1041 Ι

283 1068 320 1117 6,
349 1068 401 1105 96
435 1067 470 1104 si
500 1079 572 1115 pro
604 1066 678 1104 sibi
708 1061 797 1116 Fr,
837 1077 952 1103 serm.
982 1060 1067 1115 1'8,
1097 1066 1118 1102 1
1160 1065 1322 1112 diynum
1358 1076 1430 1113 pro
1470 1064 1635 1111 liquam⁴
1655 1058 1745 1114 Εἴ,
1778 1075 1808 1102 s.
1833 1062 1855 1101 I

282 1127 337 1164 10
369 1125 457 1164 init.
488 1137 636 1176 magna
672 1124 949 1175 interpolatio,
991 1137 1105 1163 serm.
1137 1123 1156 1162 I
1190 1124 1257 1173 10,
1286 1124 1338 1162 19
1379 1123 1530 1161 caluom
1567 1117 1657 1174 Fz',
1696 1122 1857 1162 serm.1

285 1186 351 1235 10,
375 1187 427 1223 75
455 1185 612 1223 milibus
636 1197 708 1234 pro
733 1185 880 1222 vilibus
907 1179 959 1237 (ψ
969 1177 1057 1236 λ’ΐ),
1084 1195 1198 1222 serm.
1223 1182 1264 1220 H
1289 1183 1328 1234 2,
1357 1183 1409 1221 13
1438 1182 1627 1229 cedentem
1649 1193 1760 1220 mera
1783 1194 1856 1232 pro

282 1245 471 1282 cedentem
506 1255 601 1282 acra
631 1243 703 1293 ΕΙ,
736 1255 849 1282 serm.
874 1242 915 1280 ΙΙ
943 1244 980 1294 3,
1009 1244 1105 1281 224.
1134 1244 1230 1281 247.
1259 1243 1355 1281 266.
1393 1241 1434 1279 H
1460 1242 1499 1292 4,
1527 1243 1594 1280 60.
1626 1240 1741 1291 epist.
1766 1241 1787 1279 I
1819 1242 1858 1292 7,

283 1304 349 1342 86.
380 1303 422 1340 ΙΙ
450 1305 486 1353 2,
514 1304 582 1342 49.
610 1304 664 1341 86
697 1302 827 1341 multa
865 1302 963 1354 alia,
1001 1301 1095 1340 uide
1134 1300 1435 1351 discriptionem
1472 1299 1662 1339 classium
1699 1301 1739 1339 et
1776 1299 1856 1339 edj-

285 1363 443 1401 tionum
475 1364 703 1401 nostrarum
735 1363 976 1412 apparatum
1007 1361 1201 1400 criticum.

402 1421 643 1460 Praesertim
691 1421 835 1459 menda
878 1420 1112 1459 absurdiora
1156 1419 1294 1470 qualia
1335 1421 1538 1468 parentes,
1587 1419 1667 1464 cwi,
1713 1430 1858 1464 somno,

285 1482 460 1526 uerbum,
481 1482 554 1519 olet
569 1493 642 1530 pro
669 1481 740 1518 olei
766 1475 899 1534 (serm.
926 1480 967 1518 H
988 1482 1025 1531 2,
1054 1474 1142 1532 59),
1161 1479 1354 1529 philippis
1377 1491 1450 1528 pro
1468 1478 1641 1527 phihppi·
1660 1472 1795 1532 (epist.
1815 1477 1856 1516 H

288 1543 325 1591 2,
347 1535 423 1593 49)
446 1541 486 1579 et
510 1539 742 1590 posterioris
769 1539 860 1578 aeui
879 1540 1031 1578 formae
1058 1538 1198 1589 quales
1223 1538 1337 1588 epist.
1358 1537 1400 1576 II
1421 1540 1458 1589 2,
1474 1539 1527 1577 86
1556 1540 1772 1576 cownectere
1797 1549 1859 1576 ar-

284 1599 483 1646 tissimam
508 1599 690 1638 codicum
714 1599 746 1637 Ε
766 1600 807 1637 et
825 1594 866 1637 λ’
891 1597 1142 1637 adfinitatem
1167 1597 1370 1637 euincunt.
1421 1596 1714 1636 Firmissimum
1735 1596 1858 1648 quod-

288 1659 380 1698 dam
410 1659 531 1697 huius
561 1658 619 1697 rei
651 1659 934 1709 argumentum
971 1657 1052 1696 iam
1091 1657 1133 1695 in
1172 1656 1426 1696 describendo
1459 1656 1543 1695 cod.
1569 1659 1590 1695 λ
1622 1669 1859 1696 commemo-

283 1760 481 1798 rauimus:
508 1759 622 1809 epist.
648 1759 668 1797 I
700 1761 764 1810 11,
796 1760 847 1798 13
878 1758 984 1798 enim
1009 1760 1030 1797 λ
1056 1758 1178 1797 habet
1201 1727 1354 1806 fgrms.
1404 1756 1480 1795 Hic
1508 1757 1647 1796 littera
1675 1769 1702 1807 y
1732 1767 1853 1796 sensu
1913 1803 1915 1805 ‚

284 1831 446 1869 prorsus
483 1821 609 1869 caret,
649 1818 691 1856 in
723 1833 754 1867 φ
784 1831 879 1857 uero
921 1819 982 1857 est
1020 1820 1117 1857 nota
1158 1817 1209 1856 ad
1245 1816 1397 1856 scholia
1432 1815 1654 1867 pertinens;
1692 1829 1740 1855 ex
1769 1828 1851 1855 uno

285 1879 502 1928 eodemque
545 1878 674 1928 igitur
712 1877 814 1917 libro
855 1877 981 1916 isdem
1021 1876 1181 1916 scholiis
1219 1888 1398 1926 resperso
1441 1875 1556 1915 ambo
1599 1875 1753 1915 codices
1791 1877 1852 1926 φλ

287 1938 505 1987 descriptos
537 1949 622 1976 esse
654 1949 769 1976 nemo
802 1950 882 1976 non
912 1936 1036 1975 uidet.

404 1997 513 2036 Haec
543 1997 674 2047 prima
700 1996 1072 2047 antiquissimorum
1103 1995 1214 2035 tertii
1239 1994 1388 2034 ordinis
1413 1995 1595 2034 codicum
1620 1994 1741 2044 stirps
1767 2007 1856 2033 eam

290 2057 338 2096 ob
369 2070 453 2095 rem
483 2056 620 2108 magni
661 2056 911 2095 aestimanda
951 2058 1028 2107 est,
1067 2055 1175 2106 quod
1212 2056 1253 2094 et
1290 2054 1569 2098 uetustissima
1612 2055 1674 2093 est
1704 2055 1744 2093 et
1775 2054 1858 2093 fere

289 2116 372 2155 sine
404 2117 549 2154 lacuna
580 2128 651 2165 per
681 2117 814 2154 totum
845 2115 1061 2154 Horatium
1090 2114 1322 2166 porrigitur.

413 2175 590 2224 Septimo
610 2175 678 2213 uel
698 2177 840 2214 octavo
861 2175 1018 2214 saeculo
1038 2174 1161 2213 libros
1179 2170 1266 2213 z'et
1278 2173 1322 2225 Ε,
1341 2172 1490 2211 librum
1503 2171 1739 2224 originalem
1758 2172 1864 2211 codi-

295 2248 386 2273 cum
412 2230 489 2272 Ελ’
514 2235 684 2273 fortasse
711 2234 868 2274 circiter
893 2247 997 2273 anno
1026 2236 1110 2273 600
1130 2247 1168 2283 p.
1190 2233 1258 2272 Oh.
1285 2232 1479 2283 scriptum
1498 2233 1709 2282 putamus,
1740 2231 1862 2270 inter-

294 2293 446 2344 polatio
472 2306 568 2332 uero
594 2293 666 2332 illa
694 2287 805 2346 (ante
832 2306 947 2333 serm.
973 2294 993 2331 I
1023 2296 1089 2345 10,
1118 2288 1174 2344 1),
1205 2292 1442 2332 Ausoniana
1466 2286 1518 2345 (c.
1546 2286 1652 2345 350)
1678 2291 1722 2330 ni
1746 2291 1866 2343 fallor

295 2354 426 2391 aetate
442 2353 679 2419 excogitata,
699 2353 780 2391 iam
795 2355 888 2392 ante
909 2353 1114 2392 saeculum
1134 2354 1289 2391 sextum
1309 2351 1483 2418 margini
1503 2350 1705 2401 adscripta
1725 2362 1809 2390 esse
1824 2351 1865 2389 et

295 2411 491 2461 paulatim
523 2412 564 2449 in
589 2412 723 2461 ipsum
748 2414 903 2451 textum
928 2412 1197 2451 Horatianum
1222 2410 1433 2461 inrepsisse
1458 2410 1657 2448 uideatur.
1712 2410 1866 2448 Extant

296 2471 365 2509 isti
397 2472 486 2510 octo
512 2483 653 2510 uersus
678 2471 720 2509 in
746 2471 806 2509 Ελ
832 2467 866 2524 (l
892 2465 1055 2525 deficit),
1087 2471 1209 2509 etiam
1234 2470 1276 2508 in
1306 2465 1473 2520 vuqff',
1505 2482 1585 2507 non
1615 2468 1658 2506 in
1682 2468 1785 2515 RLr
1817 2463 1866 2521 (π

298 2524 449 2583 deficit)
483 2532 555 2568 aut
586 2544 605 2568 z
638 2525 682 2583 (ὃ
690 2531 715 2568 d
746 2525 954 2583 deficiunt)
992 2542 1122 2580 neque
1153 2529 1195 2567 in
1231 2542 1271 2568 u.
1323 2528 1475 2578 Stirpes
1507 2527 1530 2565 δ
1560 2527 1688 2578 igitur
1724 2528 1765 2566 et
1793 2527 1867 2566 En:

298 2589 606 2638 interpolatione
632 2589 832 2629 carebant.
894 2589 954 2628 De
979 2589 1104 2639 stirpe
1134 2584 1181 2627 u'
1205 2588 1247 2626 in
1273 2587 1392 2626 dubio
1419 2599 1574 2637 sumus3
1606 2588 1679 2625 aut
1703 2586 1864 2626 omnino

299 2661 379 2687 non
397 2648 541 2686 habuit
559 2647 910 2698 interpolationem
925 2643 992 2700 (ut
1009 2642 1057 2701 u)
1079 2649 1152 2686 aut
1175 2659 1317 2686 uersus
1335 2647 1378 2685 in
1397 2645 1577 2697 margine
1596 2644 1719 2695 positi
1739 2646 1865 2685 erant.

417 2707 600 2757 Denique
627 2708 792 2757 stirpem
814 2703 893 2758 Εἴ,
926 2720 1171 2758 quamquam
1196 2705 1393 2756 peruersis
1417 2704 1655 2744 lectionibus
1685 2704 1866 2744 abundat

302 2767 342 2803 et
372 2766 605 2814 praesertim
634 2766 666 2804 Ε
699 2767 807 2805 solus
839 2766 1086 2806 stultissimis
1118 2766 1269 2805 mendis
1302 2764 1538 2814 conspicuus
1570 2765 1641 2815 est,
1672 2766 1721 2803 ut
1751 2776 1865 2804 serm.

302 2823 322 2860 I
351 2826 386 2874 1,
413 2825 467 2862 43
496 2826 723 2864 comminuas
747 2839 819 2875 pro
846 2827 1097 2871 comminuas,
1123 2838 1237 2865 serm.
1262 2824 1304 2862 ΙΙ
1328 2826 1367 2875 4,
1398 2826 1416 2862 1
1445 2824 1600 2862 habenti
1624 2836 1696 2873 pro
1723 2825 1865 2869 amenti,
1914 2859 1917 2862 .

424 2936 458 2982 1)
485 2935 579 2971 Vide
605 2948 718 2982 supra
740 2949 776 2983 p.
803 2937 936 2973 XLVH
949 2950 1027 2983 sqq.
