2002 3224
791 133 879 171 ΗΒ.
905 133 968 170 111.
996 136 1137 170 26—27
1650 133 1738 175 215

446 250 590 289 terruit
621 259 805 288 mannos:
838 259 910 300 ego
943 248 1009 287 cui
1040 245 1188 286 timebo

566 320 759 373 prouidus
791 332 959 374 auspex,

447 398 657 446 antequam
690 393 831 433 stantis
863 396 1017 445 repetat
1046 390 1211 445 paludes

445 465 635 505 imbrium
666 464 802 505 diuina
834 465 920 504 auis
952 464 1250 517 imminentum,
1692 470 1737 503 10

446 539 624 578 oscinem
656 549 819 577 coruom
850 548 970 589 prece
1003 534 1204 576 suscitabo

565 609 660 649 solis
692 608 740 649 ab
773 613 874 648 ortu.

444 683 500 722 sis
532 681 625 721 licet
655 680 767 735 felix,
799 679 1040 733 ubicumque
1073 680 1220 734 mauis,

444 759 483 795 et
514 766 667 794 memor
698 754 844 807 nostri,
877 751 1054 806 Galatea,
1086 753 1220 805 uiuas,

443 832 561 879 teque
593 838 668 866 nec
699 824 834 865 laeuos
866 829 976 865 uetet
1007 826 1066 864 ire
1098 825 1212 877 picus
1690 830 1733 862 15

563 911 638 938 nec
669 909 769 950 uaga
801 898 950 937 cornix.

445 970 514 1011 sed
547 970 680 1023 uides,
713 974 858 1022 quanto
891 968 1064 1021 trepidet
1095 967 1269 1008 tumultu

443 1054 594 1095 pronus
626 1041 761 1082 Orion.
825 1053 897 1094 ego
931 1040 1025 1093 quid
1056 1035 1111 1080 'sit
1142 1045 1228 1080 ater

442 1113 612 1154 Hadriae
645 1115 741 1153 noui
774 1114 886 1153 sinus
920 1117 960 1152 et
992 1099 1096 1165 quid·
1120 1111 1232 1152 albus

561 1189 700 1238 peccet
731 1185 861 1237 Iapyx.
1693 1191 1741 1222 20

443 1258 618 1297 hostium
650 1268 795 1296 uxores
826 1257 1022 1309 puerique
1057 1268 1196 1296 caecos

445 1330 618 1369 sentiant
649 1333 781 1369 motus
815 1329 982 1368 orientis
1014 1328 1151 1368 Austri
1183 1332 1222 1368 et

279 1482 297 1518 7
321 1482 363 1519 S:
385 1481 453 1518 Ou.
469 1492 541 1517 am.
555 1480 591 1516 II
605 1484 684 1527 2,9:
706 1479 799 1525 quid
817 1478 890 1515 tibi
905 1478 1095 1527 [amicae]‚
1108 1489 1168 1514 me
1187 1478 1378 1525 miserum,
1395 1479 1585 1526 Zephyros
1601 1479 1740 1514 Euros-

157 1541 229 1577 que
248 1529 413 1566 timebo?
488 1529 537 1565 11
559 1529 602 1566 S:
627 1528 751 1574 Apoll.
773 1527 849 1563 sid.
870 1526 978 1573 epist.
992 1527 1025 1562 II
1039 1531 1071 1573 2,
1087 1531 1147 1564 14:
1174 1526 1319 1563 oscines
1347 1538 1478 1563 coruos
1498 1538 1591 1563 uoce
1611 1526 1739 1573 tripli-

157 1580 246 1615 cata
264 1577 462 1624 puniceam
485 1576 673 1622 surgentis
688 1587 847 1611 aurorae
859 1575 983 1611 facem
996 1574 1278 1611 consalutantes
1342 1574 1391 1611 12
1408 1575 1452 1612 S:
1467 1574 1535 1613 Ou.
1549 1575 1638 1612 tr.V
1651 1578 1739 1620 8‚25

156 1628 196 1662 et
216 1637 261 1662 ex
279 1627 319 1663 P.
341 1626 392 1661 111
414 1629 547 1672 1,127:
575 1624 692 1660 solis
719 1624 773 1659 ab
800 1625 903 1659 ortu
998 1622 1048 1658 13
1069 1623 1113 1659 S:
1135 1622 1230 1660 Stat.
1253 1634 1279 1660 s.
1300 1622 1335 1658 II
1355 1620 1490 1669 24107:
1517 1622 1580 1659 sis
1605 1622 1737 1669 felix,

155 1674 269 1710 tellus
296 1675 366 1710 etc.
478 1671 528 1708 14
555 1673 598 1710 S:
625 1671 731 1708 Paul.
756 1671 842 1708 Nol.
869 1682 900 1707 c.
922 1674 1033 1719 17‚9:
1071 1670 1085 1706 i
1109 1682 1276 1706 memor
1299 1670 1449 1707 nostri
1547 1671 1597 1707 15
1612 1683 1666 1717 sq.
1694 1671 1737 1708 S:

155 1722 279 1759 Plaut.
308 1721 402 1758 asin.
430 1724 498 1756 259
519 1721 566 1766 (II
589 1721 815 1766 1‚11)sqq.:
852 1718 1176 1765 inauguratumst:
1215 1718 1350 1764 quouis
1388 1718 1598 1755 admittunt
1636 1730 1738 1755 aues.

155 1769 287 1817 picus
313 1771 352 1805 et
378 1769 534 1805 cornix
560 1769 615 1804 ab
640 1767 793 1812 laeua,
820 1778 951 1803 coruos
976 1778 1090 1813 parra
1116 1769 1166 1812 (u.
1183 1769 1218 1810 1)
1246 1766 1294 1802 ab
1321 1766 1477 1802 dextera
1503 1767 1739 1802 consuadent

204 1817 253 1854 17
270 1829 324 1862 sq.
352 1817 396 1854 S:
421 1815 547 1863 Apoll.
567 1816 637 1852 Rh.
659 1816 675 1850 I
696 1818 951 1851 1201—1203:
986 1811 1068 1851 εὖτε
1093 1813 1251 1860 μάλιστα
1284 1815 1450 1861 χειμερίη
1484 1814 1608 1851 ὀλοοῖο
1633 1813 1739 1851 πέλει

155 1866 262 1907 δύσις
282 1864 470 1911 Ὠρίωνος,
495 1862 647 1909 ὑψόθεν
675 1862 892 1909 ἐμπλήξασα
916 1862 993 1908 θοὴ
1020 1861 1176 1909 ἀνέμοιο
1202 1862 1336 1906 κατάιξ
1411 1862 1461 1899 18
1476 1874 1529 1908 sq.
1553 1863 1596 1900 S:
1622 1862 1735 1908 Verg.

156 1913 295 1950 Aen.V
316 1917 354 1950 2:
380 1913 592 1958 fluctusque
618 1914 720 1947 atros
801 1910 852 1947 20
878 1911 924 1947 cf.
954 1910 1072 1956 ‘apud
1098 1922 1267 1947 mensam
1292 1910 1471 1946 Fauorini
1495 1910 1536 1946 in
1560 1909 1736 1947 conuiuio

157 1960 339 1997 familiari
364 1960 442 2007 legi
468 1959 620 1996 solitum
647 1960 730 1995 erat
755 1961 822 1994 aut
846 1960 956 1995 uetus
983 1969 1133 1994 carmen
1157 1957 1284 1995 melici
1308 1960 1445 2004 poetae
1478 1960 1545 1994 aut
1575 1958 1738 1994 historia

160 2008 300 2056 partim
327 2007 493 2044 Graecae
518 2007 672 2054 linguae
698 2006 794 2043 alias
819 2005 990 2043 Latinae.
1041 2006 1242 2053 legebatur
1276 2017 1365 2052 ergo
1398 2006 1454 2042 ibi
1477 2007 1568 2042 tunc
1593 2006 1634 2042 in
1658 2018 1738 2042 car-

158 2056 260 2093 mine
292 2055 428 2093 Latino
461 2056 603 2102 Iapyx
637 2056 775 2091 uentus
811 2054 1102 2100 quaesitumque
1141 2056 1215 2100 est,
1256 2054 1339 2100 quis
1370 2053 1433 2090 hic
1465 2055 1601 2091 uentus
1623 2055 1739 2092 et

162 2116 260 2151 quae
284 2106 365 2141 tam
390 2103 639 2149 infrequentis
665 2102 842 2139 uocabuli
866 2102 965 2139 ratio
991 2102 1106 2138 esset’
1134 2101 1278 2138 Gellius
1303 2102 1338 2138 II
1363 2107 1420 2149 22,
1436 2106 1455 2137 1
1471 2114 1525 2149 sq.

276 2262 311 2296 Ω,
333 2278 375 2291 ==
396 2259 664 2306 A'(Aa)B'(B
676 2258 1197 2306 0)F(q>w)Ryez'(³.z)m-u]
1324 2259 1343 2295 7
1383 2270 1515 2295 manos
1548 2259 1602 2295 121
1677 2259 1738 2294 cui

157 2314 265 2352 A'B‘
276 2314 472 2360 FRyem
491 2326 572 2350 ναν.
586 2315 616 2350 ῖ2
629 2325 711 2350 uar.
727 2312 793 2348 Ae.
803 2325 863 2359 pr.
878 2313 1075 2349 Pseudacr.
1115 2324 1180 2348 cur
1199 2326 1218 2348 τ
1232 2312 1298 2349 Ae.
1313 2324 1404 2349 corr.
1419 2313 1498 2349 ead.
1512 2325 1558 2349 m.
1572 2324 1592 2351 ς
1625 2313 1737 2360 (‘Ego

157 2381 221 2405 cur
239 2368 399 2415 timebo]
412 2368 484 2404 hoc
503 2370 562 2403 est
575 2368 745 2403 desertus
761 2366 810 2402 ab
825 2366 962 2402 amica’
973 2367 1187 2413 Pseudacr.)
1232 2366 1325 2412 quid
1339 2367 1394 2403 Aa
1404 2366 1527 2403 Fuar.
1544 2368 1583 2402 δι
1593 2367 1738 2414 λ’παΟ

205 2417 229 2453 9
262 2415 399 2452 stantis
430 2415 655 2452 A'B‘Rik'
671 2415 763 2461 Pph.
816 2416 961 2450 stantes
993 2418 1071 2450 cett.
1094 2415 1147 2451 ΒΞ
1156 2426 1197 2451 a2
1294 2414 1446 2460 paludis
1473 2415 1526 2451 R1
1576 2414 1737 2461 paludes

156 2474 235 2508 cett.
249 2470 305 2507 Ra
379 2469 428 2506 10
454 2468 717 2505 imminentum
745 2469 947 2515 FRydvu
982 2467 1261 2504 imminentium
1286 2466 1448 2505 A'B‘a‘
1486 2467 1737 2504 inminentum

157 2537 185 2560 π
202 2524 337 2571 Porph.
354 2524 551 2560 Pseudacr.
603 2521 849 2557 inminentem
875 2522 968 2567 Pph.
1058 2522 1106 2557 11
1135 2522 1297 2558 Oscinen
1322 2522 1473 2558 Aa'Ae.
1548 2527 1615 2559 aut
1635 2521 1737 2558 Osci-

157 2580 223 2615 net
255 2583 323 2615 aut
353 2577 508 2614 Osciner
541 2577 572 2613 G
617 2575 808 2621 Oscinem,
839 2577 901 2612 sed
931 2587 970 2609 m
1002 2576 1043 2611 in
1073 2588 1146 2613 ras.
1167 2588 1196 2611 π
1246 2575 1421 2612 Oscinem
1452 2579 1531 2612 cett.
1551 2576 1688 2621 Porph.

159 2643 314 2668 coruum
334 2633 370 2666 ,Ω
438 2641 571 2676 praece
595 2630 626 2666 Ο
695 2629 746 2665 13
765 2629 885 2665 mauis
900 2629 948 2674 R,
967 2627 1103 2667 inauis
1117 2629 1171 2664 R1
1264 2627 1314 2664 14
1334 2628 1490 2674 galatea
1503 2628 1735 2664 A'B'FRn

160 2702 342 2748 galathea
365 2701 517 2747 yez'vu
614 2701 664 2738 15
689 2686 796 2750 191153
824 2700 856 2737 0
899 2684 1005 2739 leugs
1031 2700 1067 2734 B
1116 2699 1249 2734 laeuus
1276 2699 1387 2734 ΑΕ),
1424 2698 1531 2734 leuus
1557 2699 1736 2744 Ryvalu

154 2755 293 2804 [sleuus
319 2756 343 2790 δ
390 2754 486 2790 leuis
511 2768 538 2790 π
587 2754 682 2791 levis
708 2758 774 2792 Ac.
796 2756 892 2800 (opp.
907 2754 1122 2798 Pseudacr.)
1261 2753 1368 2798 petet
1392 2753 1429 2787 B
1456 2753 1564 2787 uetat
1591 2752 1685 2799 Cpr.

159 2820 274 2855 pecus
298 2820 326 2843 π
335 2820 405 2854 pr.·
480 2808 527 2843 17
555 2810 739 2852 quantum
764 2809 858 2854 Pph.
957 2806 1006 2842 18
1033 2805 1202 2853 εἰΐῑββαὴθτ
1226 2805 1264 2842 R
1385 2804 1436 2841 20
1461 2804 1578 2852 iapyx
1602 2807 1737 2853 ,Βλψα

159 2861 264 2908 iapix
288 2865 366 2897 cett.
474 2860 522 2896 21
549 2861 727 2897 Noctium
756 2862 949 2908 Opr.aut1
1031 2860 1143 2905 pueri
1167 2871 1195 2894 π
1281 2869 1387 2894 cecos
1414 2861 1470 2895 λα
1567 2859 1617 2896 22
1645 2859 1734 2896 Sen-

161 2915 259 2952 tient
284 2915 320 2951 B
371 2913 546 2951 Sentiant
569 2915 592 2950 ὃ
689 2914 844 2951 orientis
870 2912 964 2950 astri
988 2927 1008 2949 τ
1033 2914 1064 2959 ()
1162 2912 1216 2961 et]
1242 2913 1343 2950 omis.
1362 2912 1400 2949 R
