2008 3230
844 134 1131 171 PRAEFATIO.
1728 135 1779 170 IX

201 251 301 291 Cum
337 252 553 304 Fulgentio
591 251 649 290 nil
685 250 853 290 faciunt.
916 250 1027 296 Quae
1066 249 1172 288 enim
1213 248 1361 288 codicis
1391 260 1485 298 pars
1516 247 1780 300 Fulgentium

203 306 270 365 (ex
301 312 469 362 mythol.
501 311 619 374 111110-
635 306 715 364 ΙΙΙ)
737 310 946 373 00-11111101,
983 310 1052 348 fol.
1080 310 1157 348 81ν
1188 310 1230 348 et
1262 309 1347 359 82¹,
1383 321 1464 347 non
1494 308 1657 359 pristini
1687 308 1781 347 libri

201 385 274 434 est,
305 378 374 423 sed
404 386 505 423 saec.
537 383 616 422 XII
645 383 713 422 uel
738 382 838 421 XIII
869 381 1029 432 scripta.

892 477 1019 522 Gloss.
1051 479 1091 515 Γ

322 550 449 590 Gloss.
469 553 508 590 Γ
522 568 578 582 =
599 550 763 600 scholia,
789 562 893 601 quae
918 549 1026 588 inter
1050 549 1177 588 lineas
1203 549 1408 600 leguntur,
1434 548 1781 600 Francogallicam

201 611 398 663 originem
422 611 589 662 habent3
614 609 770 660 frayili]
796 611 923 649 brisili
947 621 980 648 0.
999 609 1062 647 ΠΙ
1082 610 1151 658 23,
1173 609 1240 647 16.
1290 607 1458 648 Accedit
1489 608 1599 659 quod
1629 609 1780 660 glossa-

199 685 290 710 rum
322 673 360 709 Γ
386 670 557 722 scriptor
587 670 765 710 codicem
790 669 928 720 stirpis
953 665 1000 707 u'
1026 670 1120 708 ante
1147 669 1284 708 oculos
1310 668 1496 717 habebat,
1528 681 1632 719 quae
1659 668 1781 718 stirps

200 732 307 771 certo
334 744 381 770 ex
405 730 687 782 Francogallia
713 730 882 770 oriunda
908 731 986 768 est:
1014 742 1040 768 s.
1067 729 1088 767 I
1115 729 1153 780 8,
1176 730 1249 768 19:
1280 730 1324 767 in
1350 729 1442 767 aliis
1468 722 1544 782 (=
1564 726 1611 779 u)
1636 731 1783 767 nexant

204 792 295 840 le90.
346 791 395 831 cf.
413 791 598 830 Richard.
619 790 796 839 Kukula,
828 790 876 829 de
908 789 1038 828 tribus
1062 788 1504 828 Pseudacronianorum
1537 788 1782 828 scholiorum

200 850 514 903 recensionibus,
558 850 821 891 Vindobonae
856 850 981 888 1883.
1052 849 1163 888 Alex.
1203 848 1424 897 Kurschat,
1467 861 1599 899 progr.
1644 861 1780 899 gymn.

201 910 332 949 Tilsit.
350 911 482 949 1884:
502 910 710 950 unedierte
730 909 1042 949 Horazscholien
1063 909 1130 948 des
1150 908 1234 948 cod.
1254 908 1463 948 Parisinus
1483 908 1573 947 Lat.
1591 910 1705 947 7975
1719 903 1780 962 (y)

197 983 288 1009 zum
319 970 474 1010 vierten
505 970 620 1009 Buch
652 971 722 1009 der
754 969 884 1019 Oden,
922 970 997 1009 den
1029 969 1212 1020 Epoden,
1253 968 1344 1008 dem
1376 968 1545 1007 Carmen
1578 969 1780 1008 saeculare

196 1029 279 1068 und
310 1029 401 1069 dem
433 1032 565 1070 ersten
596 1031 710 1069 Buch
741 1030 812 1069 der
843 1030 1014 1069 Satiren.

973 1126 1000 1163 h

315 1198 341 1235 h
363 1215 418 1228 =
440 1197 562 1237 codex
601 1197 808 1236 Parisinus
843 1197 956 1236 7976
996 1196 1325 1235 membranaceus
1363 1208 1464 1235 saec.
1497 1196 1555 1234 XI
1587 1197 1782 1246 exeuntis,

198 1258 530 1308 0,265><0,191
555 1271 618 1309 m.,
638 1258 829 1296 foliorum
858 1258 955 1305 154,
974 1256 1177 1296 linearum
1200 1256 1242 1294 in
1267 1268 1515 1306 unaquaque
1541 1257 1692 1308 pagina
1714 1257 1781 1306 26,

198 1316 295 1356 olim
320 1317 676 1356 Bliaudifontanus
703 1311 1073 1371 (Fontainebleau),
1104 1317 1153 1354 ut
1177 1331 1211 1368 γ.
1262 1316 1458 1354 Horatius
1485 1329 1577 1355 cum
1609 1316 1781 1368 scholiis,

197 1376 265 1416 sed
296 1376 380 1416 sine
411 1377 517 1416 uita:
550 1390 681 1429 carm,
714 1390 748 1416 a.
774 1391 826 1427 p.,
857 1377 984 1427 epod,
1015 1390 1047 1416 0.
1074 1388 1116 1426 s.,
1149 1388 1277 1425 serm,
1309 1375 1442 1428 epist,
1475 1389 1506 1415 c.
1534 1376 1555 1414 Ι
1587 1377 1625 1426 3,
1654 1377 1779 1414 1——4

201 1461 371 1488 neumae
391 1448 659 1501 Boethianae3
685 1449 783 1488 item
807 1449 849 1487 in
876 1448 1010 1489 codice
1029 1448 1065 1487 A
1092 1450 1133 1487 et
1158 1448 1200 1486 in
1219 1448 1402 1487 Parisino
1421 1449 1533 1487 7979
1557 1460 1657 1487 saec.
1670 1449 1781 1487 XIII.

318 1519 572 1571 Quamquam
616 1534 689 1571 per
730 1522 865 1561 totum
908 1521 1123 1561 Horatium
1164 1520 1404 1571 plerumque
1449 1533 1542 1560 cum
1578 1520 1598 1558 I
1630 1520 1781 1570 ordine,

196 1592 412 1643 praecipue
449 1605 542 1631 cum
572 1608 607 1645 γ,
645 1593 864 1643 consentit,
905 1595 1040 1632 tamen
1079 1592 1116 1631 ei
1153 1592 1276 1632 etiam
1307 1593 1462 1632 multae
1495 1592 1687 1632 lectiones
1718 1579 1781 1632 ITI

197 1652 349 1714 ordini—s
400 1652 600 1692 admixtae
639 1654 752 1702 sunt,
797 1655 846 1692 ut
889 1666 920 1692 c.
959 1653 979 1691 I
1021 1654 1073 1691 12
1115 1652 1156 1691 in
1202 1652 1333 1703 prima
1378 1652 1543 1703 stropha
1593 1653 1782 1704 congruit

199 1737 292 1764 cum
317 1725 337 1764 I
363 1725 505 1775 classe,
543 1724 585 1762 in
618 1725 879 1775 sequentibus
912 1738 1002 1764 cum
1034 1720 1130 1774 bu'3
1168 1737 1239 1763 nec
1275 1724 1500 1774 descriptus
1532 1726 1593 1763 est
1617 1725 1644 1762 h
1670 1738 1718 1764 ex
1739 1739 1781 1778 y:

196 1797 228 1824 c.
254 1784 336 1823 ΙΠΙ
363 1786 402 1836 4,
422 1786 496 1822 41:
537 1797 651 1824 arma
682 1800 716 1837 γ,
749 1786 857 1824 alma
887 1785 925 1823 h.
975 1785 1038 1823 Ex
1069 1784 1343 1836 singularibus
1375 1784 1617 1835 quibusdam
1642 1785 1780 1824 lectio-

196 1844 315 1883 nibus
356 1844 397 1883 id
438 1857 600 1895 quoque
642 1845 760 1894 plane
805 1844 1098 1896 intellegimus,
1149 1844 1296 1884 codicis
1339 1844 1367 1882 h
1411 1845 1617 1883 auctorem
1658 1844 1775 1884 inter-

198 1904 307 1956 dum,
340 1904 408 1944 sed
438 1917 520 1943 non
550 1904 728 1944 adhibito
765 1905 892 1944 altero
928 1917 1056 1955 eoque
1090 1903 1254 1944 meliore
1289 1903 1392 1943 libro
1428 1917 1476 1943 ex
1510 1916 1583 1944 suo
1618 1904 1780 1956 ingenio

200 1966 249 2003 ut
280 1964 426 2003 salsam
457 1964 517 2003 ita
548 1978 629 2004 non
655 1964 858 2004 inficetam
882 1966 1101 2015 temptasse
1127 1966 1409 2015 correcturam,
1440 1965 1489 2002 ut
1514 1977 1546 2003 0.
1565 1964 1649 2002 IIII
1669 1965 1708 2016 4,
1725 1967 1778 2004 65

197 2036 330 2063 mersu
353 2025 559 2073 profwndo
584 2038 657 2075 pro
682 2037 827 2064 merses
844 2025 1059 2074 profwndo.
1111 2024 1226 2075 epist.
1255 2025 1270 2062 Ι
1300 2026 1339 2076 4,
1362 2026 1406 2063 7:
1437 2025 1494 2063 dii
1525 2025 1594 2063 aba·
1619 2025 1782 2064 diuitias

198 2087 395 2133 artemque
419 2085 586 2123 dedere
609 2085 770 2133 fruendi
794 2098 866 2136 pro
887 2086 923 2124 d.
945 2087 968 2123 t.
990 2085 1153 2124 diuitias
1178 2081 1367 2123 dederunt
1386 2086 1582 2133 artemque
1599 2085 1783 2133 fruendi,-

199 2157 233 2183 a.
260 2157 298 2194 p.
326 2145 411 2183 304
444 2145 512 2183 sed
544 2156 608 2193 eqo
634 2158 706 2195 pro
734 2157 821 2194 erqo
847 2144 1068 2196 archetypi,
1100 2145 1192 2184 fort.
1218 2144 1512 2195 transpositum
1544 2157 1591 2183 ex
1617 2156 1682 2194 eqo
1714 2146 1782 2184 sed

197 2203 380 2243 codicum
417 2199 501 2242 u'n.
566 2203 697 2244 Codex
733 2205 760 2243 h
797 2217 1020 2255 propensus
1053 2206 1113 2244 est
1146 2205 1196 2243 ad
1228 2204 1578 2244 assimilationem:
1622 2206 1783 2255 praeter

197 2275 375 2314 eiusdem
406 2269 527 2329 (saec.
543 2262 630 2330 ᾗ)
663 2276 809 2315 aetatis
841 2276 1017 2316 codicem
1043 2292 1065 2329 ρ
1098 2276 1404 2327 antiquissimus
1437 2278 1509 2328 est,
1542 2275 1613 2326 qui
1641 2289 1672 2315 c.
1698 2277 1782 2315 IIII

201 2348 345 2398 14,10
381 2349 648 2397 implacidum
684 2348 860 2399 praebet.
928 2349 956 2387 h
987 2351 1029 2388 et
1058 2363 1084 2389 v
1123 2345 1249 2403 (saec.
1278 2344 1381 2402 XII)
1420 2348 1536 2399 epist.
1561 2348 1602 2387 II
1630 2350 1668 2399 2,
1695 2350 1780 2389 170

196 2407 346 2446 habent
377 2409 501 2447 assita
530 2421 603 2458 pro
636 2408 845 2459 archetypi
876 2410 1017 2448 adsita.

316 2467 343 2505 h
379 2467 502 2507 etiam
543 2467 747 2507 codicibus
784 2469 811 2521 β
853 2470 894 2507 et
930 2469 951 2507 f
985 2469 1202 2508 admodum
1245 2469 1443 2520 cognatus
1483 2470 1561 2520 est,
1604 2469 1781 2519 permul-

199 2525 334 2578 tisque
360 2527 458 2566 locis
483 2527 585 2567 liber
615 2524 671 2580 β”
686 2545 742 2559 =
762 2528 845 2581 βῙἸι
876 2528 1038 2568 restitui
1064 2530 1208 2579 potest.
1260 2528 1340 2575 Qui
1364 2529 1487 2568 codex
1511 2525 1567 2581 β”
1591 2523 1780 2582 (fortasse

200 2598 322 2636 VIIII
360 2593 531 2653 saeculi)
562 2599 654 2639 inde
687 2613 711 2638 a
742 2613 773 2639 c.
799 2599 862 2638 HJ
890 2600 1103 2639 27——1111
1135 2601 1233 2639 extr.
1265 2595 1334 2654 (cf.
1360 2600 1538 2651 discript.
1571 2595 1781 2654 classium)

199 2659 430 2697 constanter
460 2671 552 2698 cum
583 2659 713 2710 primo
747 2659 883 2699 ordine
915 2660 1026 2712 facit,
1059 2660 1156 2698 alibi
1187 2673 1296 2711 uero,
1327 2662 1376 2699 ut
1406 2660 1513 2698 infra
1539 2660 1781 2711 docebimus,

200 2716 306 2755 inter
336 2718 502 2778 tertium
535 2731 581 2758 ac
612 2719 788 2770 primum
818 2719 1015 2758 fluctuare
1048 2719 1161 2771 solet,
1192 2719 1274 2758 uid.
1309 2719 1390 2758 ord.
1423 2720 1602 2759 tertium.

320 2882 438 2923 Certo
463 2871 486 2923 I
515 2884 666 2925 ordinis
696 2885 777 2925 fuit
807 2886 909 2926 liber
940 2815 990 2938 ξ’ξ,
1029 2900 1076 2925 ex
1108 2887 1127 2935 ξ
1161 2889 1202 2926 et
1232 2887 1275 2926 M
1305 2888 1621 2939 componendus,
1659 2889 1779 2927 VIIII

201 2943 371 2984 fortasse
407 2944 568 2997 saeculi,
600 2947 689 2984 arta
723 2958 815 2985 cum
849 2947 883 2985 E
918 2946 1222 2999 propinquitate
1258 2947 1507 3001 coniunctuS,
1542 2948 1780 2988 minusculis
