2008 3230
281 149 379 184 LXII
923 148 1209 186 PRAEFATIO.

280 277 331 303 an
361 262 545 303 lectionis
579 261 794 310 Thelephus
823 274 895 312 pro
925 261 1112 310 Telephus
1142 262 1186 300 in
1210 260 1369 313 FlssLs
1398 273 1522 301 031183
1551 261 1687 301 fuerit.
1748 262 1851 301 Item

280 324 395 375 epist.
420 323 441 361 I
469 323 535 374 16,
565 323 619 360 14
649 321 789 360 uariae
815 321 996 360 lectionis
1028 324 1143 370 aptus
1175 324 1210 360 et
1237 322 1345 360 utilis
1370 321 1412 359 in
1437 317 1559 359 Rn'b
1591 334 1639 360 ex
1669 321 1802 361 codice
1833 335 1851 360 ε

281 383 476 435 originem
502 381 652 431 optime
676 380 965 432 intellegimus3
990 381 1034 419 in
1058 394 1075 420 ε
1100 381 1207 419 enim
1233 381 1405 419 alterum
1429 381 1538 419 utilis
1562 382 1623 420 est
1648 380 1851 420 omissum.

280 443 536 492 Archetypus
572 440 769 479 habuerat
804 441 913 479 utilis
949 441 1067 479 utilis.
1129 439 1411 490 Compluribus
1450 439 1716 489 epistularum
1752 439 1852 479 locis

281 501 444 542 secundi
476 500 624 540 ordinis
656 500 846 539 lectiones
885 499 1044 538 exhibet
1086 499 1284 549 inspersas
1329 499 1429 538 alias
1469 499 1718 551 probandas,
1749 499 1851 538 alias

280 560 578 612 improbandas,
617 559 711 597 uide
744 558 920 609 discript.
958 559 1070 598 01388.
1103 558 1218 609 epist.
1244 557 1265 597 Ι
1291 560 1328 611 2,
1356 560 1425 598 31.
1461 561 1498 610 6,
1526 560 1593 599 51.
1622 560 1660 610 7,
1689 559 1755 598 55.
1784 560 1851 610 10,

284 622 350 660 25.
377 622 445 659 42.
471 619 512 658 Π
540 620 577 671 2,
605 620 672 658 80.
701 619 738 670 2,
769 619 863 657 112.
1255 615 1261 622 ”

399 679 608 718 Lectiones
639 678 863 729 singulares
894 678 1136 728 eaedemque
1167 678 1292 717 falsae
1323 677 1365 716 in
1396 692 1414 717 ε
1447 672 1506 731 (et
1529 672 1576 731 y)
1609 679 1705 716 sunt
1734 690 1849 718 serm.

280 740 321 778 II
348 741 391 791 5,
421 741 471 777 11
507 738 658 786 aliquid
693 751 765 788 pro
798 738 909 776 aliud
947 739 988 776 et
1018 738 1133 788 epist.
1158 737 1179 775 I
1207 739 1272 788 18,
1302 739 1354 776 93
1393 749 1560 786 uapores
1589 750 1662 787 pro
1694 739 1851 785 tepores.

398 799 446 837 In
465 797 713 837 sermonibus
733 811 750 836 ε
769 798 929 835 tantum
948 810 1027 836 non
1053 796 1195 848 deficit,
1221 796 1370 846 epodoe
1396 798 1437 835 et
1462 809 1621 835 carmen
1648 796 1851 835 saeculare

282 858 441 898 omnino
474 858 629 896 desunt.
693 856 925 895 Carminum
955 856 1056 894 nihil
1089 856 1268 904 continet
1298 855 1375 894 nisi
1403 868 1434 894 c.
1460 855 1543 893 IIII
1571 857 1637 906 11,
1667 856 1852 907 10—13,

284 920 336 956 27
371 920 411 956 et
442 918 484 955 in
508 917 583 955 hac
614 916 702 966 ipsa
727 916 927 966 particula
952 928 1093 954 uersus
1118 915 1333 953 maximam
1359 916 1515 964 partem
1539 914 1721 953 mutilati
1746 917 1851 954 sunt.

280 978 327 1015 In
347 988 504 1015 summa
529 978 624 1014 sunt
648 975 747 1014 folia
766 976 835 1026 44,
860 975 902 1013 111
922 974 1092 1025 singulis
1111 987 1203 1025 pag.
1219 986 1322 1012 uers.
1339 975 1412 1025 213
1439 974 1853 1026 0‚210><0,183m.;

281 1037 507 1087 fragmenta
538 1048 585 1074 ex
615 1034 870 1086 carminibus,
903 1036 988 1072 arte
1019 1033 1189 1085 poetica,
1221 1032 1417 1084 epistulis,
1449 1033 1708 1073 sermonibus.

925 1152 1098 1192 Familia
1129 1153 1211 1191 Ra.

399 1238 462 1277 Ad
486 1236 781 1277 restituendum
800 1235 1007 1286 archetypi
1032 1238 1198 1286 textum,
1224 1235 1460 1285 praesertim
1485 1248 1577 1274 cum
1603 1235 1852 1286 antiquiores

280 1299 428 1338 formas
460 1299 699 1348 spectamuS,
731 1296 883 1336 codices
909 1296 980 1334 Ru:
1011 1308 1103 1334 cum
1134 1295 1321 1334 affinibus
1347 1295 1509 1334 maioris
1534 1295 1728 1334 momenti
1757 1297 1853 1334 sunt

281 1371 403 1408 quam
433 1353 567 1396 Fcims.
629 1356 764 1407 Longe
795 1355 1015 1406 plur-imum
1045 1355 1185 1394 ualent
1214 1354 1292 1404 ipsi
1324 1355 1358 1392 R
1390 1356 1430 1393 et
1460 1367 1507 1405 π,
1545 1367 1718 1405 quorum
1749 1355 1853 1394 alter

281 1413 354 1471 (R)
380 1418 430 1456 ut
452 1429 595 1467 puram
621 1415 770 1455 ordinis
801 1415 975 1453 indolem
1000 1427 1144 1464 parum
1170 1413 1360 1464 seruauit,
1387 1413 1447 1451 ita
1471 1414 1629 1452 ueteres
1655 1427 1701 1453 ac
1725 1414 1851 1454 bonas

280 1478 429 1515 formas
468 1477 604 1526 plures
642 1474 822 1514 seruauit
859 1487 981 1524 quam
1017 1487 1066 1524 π,
1099 1473 1202 1512 alter
1233 1467 1301 1526 (π)
1342 1473 1452 1511 tertii
1489 1473 1640 1512 ordinis
1675 1473 1851 1514 indolem

281 1537 431 1587 optime
462 1537 654 1586 praestat.
714 1534 843 1572 Ambo
876 1533 1029 1572 codices
1061 1533 1112 1571 ad
1142 1545 1270 1570 unum
1308 1533 1510 1582 exemplar
1544 1533 1736 1572 uidentur
1766 1545 1851 1573 esse

280 1595 486 1635 referendi.
552 1594 760 1633 Alteruter
804 1606 908 1632 nono
947 1593 1105 1631 saeculo
1144 1591 1315 1642 scriptus
1352 1594 1430 1643 est,
1467 1592 1601 1642 ipsum
1638 1593 1879 1644 exemplar,⁴

280 1655 323 1694 ni
353 1655 544 1706 fallimur,
575 1654 743 1704 septimo
775 1653 842 1691 1101
874 1653 1029 1691 octauo.

1049 1771 1085 1809 R

398 1858 434 1897 R
454 1875 510 1889 =
530 1857 651 1897 codex
678 1855 1019 1896 Suecouaticanus
1048 1854 1173 1905 1703,
1199 1853 1535 1905 membranaceus,
1564 1853 1723 1893 saeculo
1749 1853 1850 1892 VIII

280 1918 544 1969 pulcherrime
571 1917 755 1967 scriptus,
787 1915 915 1966 Ο,245
936 1920 994 1955 ><
1014 1914 1140 1965 Ο,175
1167 1927 1230 1964 m.,
1262 1913 1450 1952 foliorum
1479 1913 1574 1964 145,
1606 1913 1649 1951 in
1680 1913 1850 1964 singulis

279 1978 439 2029 paginis
469 1988 662 2015 uersuum
696 1976 762 2013 28.
825 1973 1013 2012 Continet
1044 1972 1237 2024 carmina,
1275 1974 1402 2012 artem
1434 1972 1649 2024 poeticam,
1690 1972 1849 2026 epodos,

284 2050 441 2075 carmen
467 2035 680 2085 saeculare,
708 2033 916 2084 epistulas,
942 2045 1055 2071 serm.
1080 2032 1101 2070 I
1129 2035 1165 2083 1,
1189 2032 1326 2070 1—11
1355 2034 1390 2083 1,
1421 2034 1497 2083 163
1522 2032 1628 2070 unde
1653 2032 1852 2072 recentior

279 2119 421 2145 manus
458 2106 612 2155 incipit.
674 2105 895 2156 Imaginem
935 2103 1080 2143 codicis
1123 2104 1244 2142 habes
1282 2103 1391 2153 apud
1428 2102 1637 2142 Chatelain
1667 2103 1688 2141 I
1718 2116 1757 2154 p.
1791 2104 1846 2142 26

281 2167 360 2205 tab.
392 2165 614 2204 LXXXVII
640 2181 696 2195 =
722 2164 790 2203 fol.
818 2164 894 2201 25ν
919 2181 975 2194 =
1002 2176 1119 2202 carm.
1154 2163 1195 2201 II
1230 2165 1295 2214 11,
1325 2163 1521 2214 14-12,
1557 2164 1622 2201 16.
1695 2162 1846 2202 Fuerat

279 2226 375 2264 olim
414 2224 646 2264 monasterii
686 2236 734 2263 ss.
780 2223 887 2261 Petri
931 2225 972 2261 et
1016 2222 1134 2261 Pauli
1181 2223 1455 2272 apostolorum
1500 2221 1848 2274 Wisenburgensis

281 2284 585 2336 (Weissenburg
610 2283 665 2321 im
689 2277 859 2335 Elsass),
890 2282 995 2320 unde
1021 2282 1063 2320 in
1087 2282 1371 2328 bibliothecam
1396 2282 1598 2331 priuatam
1625 2280 1848 2320 Christinae

285 2345 502 2383 Succorum
526 2343 687 2393 reginae
711 2343 836 2393 uenit,
867 2342 972 2393 regis
998 2341 1171 2380 Gustaui
1188 2341 1322 2380 Adolfi
1339 2340 1458 2392 filiae,
1484 2354 1586 2391 quae
1612 2340 1851 2379 catholicam

283 2404 400 2442 fidem
432 2403 615 2453 amplexa
645 2401 766 2440 libros
798 2414 891 2440 suos
921 2400 1101 2451 pontifici
1130 2401 1303 2439 maximo
1334 2401 1574 2439 testamento
1606 2400 1770 2450 legauit.

401 2462 572 2512 Aliquot
592 2463 726 2512 partes
746 2461 920 2499 dictatae
941 2462 1036 2498 sunt
1061 2454 1128 2513 (cf.
1149 2460 1261 2509 epod.
1286 2461 1352 2510 12,
1374 2461 1417 2498 9:
1448 2459 1608 2506 nequillz’
1632 2471 1704 2508 pro
1728 2470 1851 2507 ‘neque

282 2517 372 2576 illi).
433 2521 649 2571 Exemplar
686 2522 772 2559 erat
809 2519 1067 2558 semunciale:
1105 2531 1222 2568 saepe
1263 2518 1368 2557 enim
1404 2519 1617 2556 mutantur
1651 2518 1676 2565 Γ
1693 2519 1734 2556 et
1757 2530 1791 2563 r,
1823 2519 1850 2557 d

284 2584 325 2621 et
356 2582 390 2620 cl
422 2576 578 2634 (elamor
609 2580 643 2618 R
675 2581 767 2618 ante
805 2591 881 2617 ras.
909 2592 939 2618 0.
965 2578 1026 2616 ΙΠ
1053 2579 1120 2628 24,
1147 2573 1234 2631 46).
1295 2577 1448 2616 Multae
1486 2578 1581 2615 sunt
1617 2577 1648 2614 I
1680 2577 1849 2616 maiores

283 2642 326 2679 in
352 2641 468 2679 initio
493 2653 657 2679 uocum:
688 2639 834 2684 100030,
860 2639 1008 2680 Inbm't,
1033 2637 1208 2682 Inmare,
1233 2637 1479 2685 Imperitare,
1504 2636 1636 2684 Iapix.
1692 2636 1849 2675 Littera

285 2714 309 2739 a
341 2713 459 2750 saepe
492 2701 631 2749 aperta
661 2700 733 2737 est.
794 2697 1114 2748 Praepositiones
1152 2709 1244 2735 cum
1280 2695 1507 2734 nominibus
1545 2695 1776 2745 saepissime
1806 2696 1849 2734 in

284 2760 465 2811 singulas
503 2771 624 2798 uoces
663 2758 911 2797 coaluerunt.
979 2756 1185 2795 Foliorum
1221 2767 1314 2806 pars
1355 2755 1483 2793 altera
1521 2767 1645 2793 manu
1685 2757 1849 2794 exarata

285 2821 356 2870 est,
388 2820 435 2857 cf.
468 2819 624 2869 Epileg.
651 2818 701 2856 ad
733 2830 845 2856 serm.
871 2817 891 2854 Ι
918 2818 955 2867 3,
983 2816 1050 2854 45.
1083 2815 1151 2854 8οᾶ
1175 2815 1272 2853 hacc
1298 2827 1457 2864 quoque
1483 2827 1531 2852 ex
1554 2814 1617 2852 Rl
1650 2814 1849 2864 descripta

286 2891 369 2917 esse
400 2878 608 2928 uidentur,
640 2878 665 2915 1.
691 2877 715 2915 l.
748 2876 899 2927 legitur
921 2887 1052 2924 parus
1077 2892 1133 2905 =
1152 2885 1305 2923 paruos
1335 2874 1381 2925 R,
1405 2885 1559 2922 paruos
1589 2874 1634 2912 B.

403 2937 629 2975 Permultas
660 2936 880 2985 reperimus
912 2936 1157 2974 correcturas
1190 2934 1317 2972 altera
1347 2946 1470 2971 manu
1501 2933 1669 2983 additas,
1700 2933 1849 2983 partim
