2002 3224
281 153 370 195 224
828 154 1011 191 HORATI
1036 154 1259 192 CARMINV
1260 156 1300 192 M

568 278 805 318 componere
838 279 1004 319 aequos:
1037 272 1169 308 cetera
1200 268 1376 308 fluminis

567 339 648 377 ritu
679 338 879 392 feruntur,
910 351 1016 378 nunc
1047 338 1178 379 medio
1211 339 1323 379 alueo

626 421 716 449 cum
746 422 843 462 pace
876 409 1096 450 delabentis
1127 410 1340 451 Etruscum
1804 421 1850 454 35

685 482 727 520 in
757 494 884 536 mare,
915 494 1022 522 nunc
1053 482 1205 535 lapides
1237 483 1378 522 adesos

567 554 791 613 stirpesque
822 558 954 607 raptas
985 558 1025 594 et
1054 567 1177 607 pecus
1209 559 1249 595 et
1278 554 1417 595 domos

280 670 357 692 νων
383 655 563 703 ἐπιχώρια
587 657 793 692 παπταίνει
814 656 861 692 τὰ
880 656 1017 703 πόρσω,
1043 657 1258 704 μεταμώνια
1282 657 1459 704 θηρεύων
1480 657 1680 703 ἀκράντοις
1705 654 1850 695 ἐλπίσιν

330 703 380 740 32
396 716 476 749 sqq.
504 705 549 741 S:
588 704 715 740 Senec.
741 704 894 750 Thyest.
921 709 1137 742 617-6222
1180 705 1315 741 miscet
1357 705 1452 741 haec
1487 705 1564 741 illis
1600 706 1853 752 prohibetque

285 751 418 788 Clotho
444 754 544 787 stare
563 751 770 788 fortunam:
795 754 897 788 rotat
916 764 1024 788 omne
1042 753 1176 790 fatum.
1214 764 1324 789 nemo
1343 754 1423 789 tam
1442 753 1551 789 diuos
1569 754 1706 790 habuit
1722 754 1852 790 fauen-

282 800 350 846 tis,
383 799 589 835 crastinum
619 801 663 835 ut
692 802 822 845 posset
853 799 927 835 sibi
959 800 1141 846 polliceri.
1189 811 1247 836 res
1273 801 1365 836 deus
1395 802 1545 836 nostras
1576 801 1689 837 celeri
1713 801 1852 838 citatas

279 846 430 883 turbine
455 849 584 883 uersat
656 846 706 882 32
722 859 775 892 sq.
793 848 836 884 S:
862 847 969 883 Pind.
983 848 1114 884 Isthm.
1130 851 1163 893 8,
1177 851 1221 883 13
1235 859 1334 893 sqq.:
1359 847 1401 883 τὸ
1422 847 1464 884 δὲ
1483 848 1556 895 πρὸ
1580 849 1698 890 ποδὸς
1722 848 1852 895 ἄρειον

281 894 356 931 αἰεὶ
382 900 505 941 χρῆμα
537 900 624 931 πᾶν.
652 894 775 936 δόλιος
805 895 876 940 ’γὰρ
909 894 1004 931 αἰὼν
1037 892 1098 931 ἐπ’
1115 894 1277 942 ἀνδράσι
1307 894 1506 942 κρέμαται,
1539 892 1691 932 ἑλίσσων
1724 896 1851 945 βιότου

280 942 400 989 πόρον
546 941 696 978 33-41
725 943 767 979 S:
795 942 897 979 Stob.
925 943 993 980 eol.
1019 943 1126 989 phys.
1155 945 1194 979 et
1218 943 1293 979 eth.
1318 944 1335 979 I
1362 949 1382 979 6
1409 943 1439 990 (Ι
1464 955 1499 989 p.
1521 947 1567 979 50
1580 944 1659 990 M.):
1700 943 1849 981 ἅπανθ’

281 990 355 1037 ὁρῶ
381 990 458 1036 ἅμα
483 995 527 1037 τῇ
556 990 647 1038 τύχῃ
674 987 809 1036 ῥέοντα
828 991 1109 1037 μεταπίπτοντά
1127 1004 1167 1027 τε
1185 992 1197 1036 ΙΙ
1217 991 1300 1027 Sen.
1315 989 1424 1036 epist.
1440 995 1502 1027 23:
1529 992 1674 1028 ceteri
1699 1003 1851 1028 eorum

279 1049 418 1083 more,
444 1049 541 1083 quae
567 1038 842 1074 fluminibus
867 1038 1055 1084 innatant,
1079 1050 1155 1074 non
1173 1040 1278 1084 eunt,
1302 1039 1369 1074 sed
1393 1038 1620 1076 feruntur:
1646 1051 1693 1076 ex
1711 1039 1849 1085 quibus

281 1085 359 1121 alia
382 1085 503 1121 lenior
527 1086 629 1121 unda
655 1085 818 1121 detinuit
844 1097 887 1121 ac
912 1085 1064 1122 mollius
1090 1086 1204 1131 uexit,
1231 1086 1308 1121 alia
1333 1085 1591 1123 uehementior
1608 1087 1747 1134 rapuit,
1774 1087 1853 1123 alia

281 1133 450 1179 proxime
475 1133 597 1179 ripam
622 1145 732 1170 cursu
757 1133 1025 1179 languescente
1051 1134 1242 1180 deposuit,
1276 1133 1353 1169 alia
1381 1135 1525 1170 torrens
1551 1134 1715 1181 impetus
1741 1135 1853 1171 eiecit

281 1182 321 1216 in
339 1192 442 1217 mare
514 1181 565 1217 35
587 1182 630 1218 S:
650 1181 746 1217 Flor.
761 1181 795 1216 II
810 1185 853 1216 13
868 1182 952 1228 (1111
967 1183 1015 1227 2),
1029 1185 1092 1218 28:
1118 1181 1184 1217 ubi
1207 1193 1283 1228 pax
1307 1181 1471 1217 fluminis
1495 1181 1610 1218 rediit
1698 1181 1850 1219 36-41

279 1229 461 1264 diluuiem
488 1229 716 1274 descriptam
742 1229 923 1264 habemus
950 1229 1067 1264 etiam
1100 1229 1201 1275 apud
1231 1229 1339 1265 Hom.
1366 1229 1407 1265 11.
1435 1229 1486 1265 XI
1510 1233 1582 1265 492
1596 1242 1696 1276 sqq.:
1727 1230 1777 1272 ὡς
1807 1229 1847 1266 δ’

283 1275 396 1312 ὁπότε
420 1275 579 1320 πλήθων
605 1276 771 1322 ποταμὸς
794 1278 973 1313 πεδίονδε
992 1276 1158 1313 κάτεισιν
1178 1276 1401 1323 χειμάρρους
1420 1275 1505 1312 κατ’
1523 1276 1690 1324 ὄρεσφιν,
1716 1275 1852 1323 ὀπαζό-

283 1337 394 1370 μενος
419 1324 510 1365 Διὸς
535 1323 671 1372 ὅμβρω,
696 1324 834 1366 πολλὰς
859 1323 901 1360 δὲ
927 1326 1018 1370 δρῦς
1042 1323 1211 1370 ἀζαλέας,
1238 1323 1375 1365 πολλὰς
1400 1322 1444 1360 δέ
1467 1338 1507 1361 τε
1532 1325 1675 1367 πεύκας
1698 1322 1850 1372 ἐσφέρε-

278 1386 340 1408 ται
360 1401 368 1409 .
385 1401 392 1408 .
408 1400 416 1408 .
460 1374 472 1418 u
508 1372 614 1407 Lucr.
634 1362 651 1407 1
676 1375 743 1407 281
761 1384 857 1417 sqq.:
891 1374 930 1407 et
954 1384 1038 1407 cum
1063 1371 1188 1407 mollis
1215 1383 1336 1417 aquae
1361 1371 1510 1407 fertur
1532 1374 1671 1409 natura
1694 1375 1850 1419 repente

279 1419 432 1455 flumine
469 1419 698 1463 abundanti,
737 1431 849 1464 quam
886 1419 1004 1465 largis
1035 1420 1217 1455 imbribus
1257 1421 1373 1466 auget
1409 1419 1643 1456 montibus
1678 1431 1724 1457 ex
1763 1420 1852 1457 altis

279 1478 439 1515 magnus
460 1467 637 1502 decursus
657 1467 782 1512 aquai,
808 1467 1038 1512 fragmina
1058 1467 1291 1503 coniciens
1318 1466 1541 1503 siluarum
1565 1468 1853 1514 arbustaque

279 1517 379 1561 tota,
411 1526 479 1550 nec
510 1514 631 1550 ualidi
661 1516 820 1560 possunt
849 1517 983 1561 pontes
1014 1514 1201 1551 uenientis
1235 1515 1351 1560 aquai
1374 1514 1454 1550 uim
1479 1515 1645 1552 subitam
1669 1516 1849 1554 tolerare:

280 1562 337 1598 ita
361 1574 499 1609 magno
525 1562 698 1598 turbidus
724 1562 836 1598 imbri
860 1562 1023 1598 molibus
1048 1563 1221 1608 incurrit,
1250 1562 1389 1598 ualidis
1416 1574 1500 1598 cum
1525 1563 1688 1609 uiribus,
1715 1563 1849 1611 amnis,

279 1611 347 1646 dat
384 1610 510 1646 sonitu
546 1621 684 1657 magno
723 1612 906 1658 stragem,
950 1609 1191 1656 noluitque
1230 1611 1299 1646 sub
1336 1610 1447 1646 undis
1485 1610 1682 1657 grandia
1719 1622 1849 1656 saxa,

277 1658 428 1703 ruitque
453 1658 510 1693 ita
535 1657 715 1703 quicquid
739 1657 915 1694 fluctibus
941 1660 1070 1704 opstat
1092 1659 1104 1705 ΙΙ
1131 1658 1197 1695 Ou.
1224 1660 1313 1694 met.
1340 1659 1355 1693 I
1382 1662 1450 1694 286
1465 1670 1545 1704 sqq.
1583 1660 1596 1705 11
1633 1659 1698 1696 Sil.
1724 1658 1770 1695 It.
1797 1659 1851 1695 111

274 1709 485 1741 469-471:
511 1716 675 1750 namque
694 1705 854 1751 Alpibus
874 1708 979 1742 ortus
999 1706 1150 1742 auolsas
1170 1717 1280 1742 ornos
1300 1707 1339 1741 et
1364 1706 1495 1742 adesi
1519 1707 1708 1753 fragmina
1727 1718 1854 1743 mon-

279 1753 341 1789 tis
379 1765 475 1789 cum
514 1753 668 1788 sonitu
706 1753 896 1789 uoluens
933 1753 1110 1799 ferturn
1130 1754 1225 1790 Stat.
1246 1753 1313 1790 Th.
1336 1754 1577 1791 1364—369:
1611 1753 1678 1790 1110
1708 1755 1848 1800 tamen,

278 1801 389 1836 modo
416 1812 525 1836 saxa
544 1800 643 1846 iugis
662 1800 850 1847 fugientia
868 1801 990 1847 ruptis
1010 1801 1179 1846 miratus,
1205 1801 1316 1836 modo
1335 1801 1546 1846 nubigenas
1566 1812 1587 1837 e
1611 1801 1847 1838 montibus

280 1860 431 1884 amnes
458 1859 547 1884 aure
572 1860 715 1894 pauens
740 1848 958 1894 passimque
982 1848 1115 1884 insano
1141 1848 1291 1883 turbine
1323 1850 1480 1893 raptas
1511 1850 1707 1894 pastorum
1735 1859 1848 1894 peco-

280 1907 438 1941 rumque
470 1897 617 1941 domos,
649 1908 725 1932 non
756 1895 908 1942 segnius
940 1907 1068 1931 amens
1094 1896 1333 1940 incertusque
1359 1894 1445 1931 uiae
1469 1906 1536 1941 per
1559 1895 1670 1943 nigra
1697 1895 1849 1932 silentia

278 1946 430 1979 uastum
456 1943 584 1979 haurit
609 1943 682 1978 iter
701 1971 709 1979 .
725 1972 756 1980 ..
860 1943 1012 1979 36-39
1039 1943 1082 1980 S:
1110 1943 1173 1978 Sil.
1194 1943 1462 1988 1111521sqq.2
1497 1954 1582 1979 cum
1614 1943 1742 1980 sonitu
1773 1943 1851 1980 ruit

281 1992 321 2026 in
340 2002 492 2036 campos
517 2001 729 2036 magnoque
749 1990 898 2037 fragore
919 1991 1090 2026 auolsum
1115 1989 1281 2026 montis
1301 1990 1424 2026 uoluit
1441 1990 1554 2036 latus,
1574 1990 1688 2026 obuia
1707 1991 1851 2036 passim

281 2040 452 2074 armenta
490 2037 747 2083 immanesque
785 2039 887 2073 ferae
926 2038 1153 2083 siluaeque
1191 2038 1392 2073 trahuntur
1536 2038 1588 2074 36
1621 2039 1676 2075 Se·
1696 2038 1850 2075 Theocr.

281 2090 337 2131 22,
352 2090 397 2121 49
413 2098 485 2130 sq.:
519 2084 648 2131 πέτροι
670 2115 700 2122 ..
716 2115 724 2122 .
746 2085 854 2121 οῧστε
880 2087 1065 2122 κυλίνδων
1091 2085 1313 2132 χειμάρρους
1343 2086 1510 2133 ποταμὸς
1541 2085 1719 2132 μεγάλαις
1749 2099 1852 2132 περι·

280 2131 380 2176 ἔξεσε
407 2135 532 2174 δίναις
568 2136 580 2179 ΙΙ
619 2133 685 2169 011.
712 2133 789 2170 her.
812 2137 867 2179 10,
883 2137 946 2169 26:
983 2134 1158 2179 scopulus
1257 2135 1422 2168 adesus
1455 2134 1564 2179 aquis
1660 2133 1709 2170 37
1725 2145 1781 2179 sq.
1806 2134 1852 2171 S:

280 2181 422 2217 anthol.
443 2181 482 2217 L.
504 2184 586 2226 931,
602 2184 646 2215 23
662 2193 741 2226 sqq.
756 2181 817 2217 R:
843 2183 886 2216 ut
911 2181 1038 2226 grauis
1064 2180 1220 2216 hiberno
1248 2183 1391 2216 torrens
1417 2181 1463 2217 de
1488 2183 1640 2217 monte
1664 2181 1852 2218 uolutus

284 2228 398 2264 obuia
422 2240 497 2264 non
521 2239 662 2274 magna
688 2229 824 2264 arbuta
850 2228 966 2264 uerrit
991 2239 1077 2274 ope;
1108 2239 1221 2274 saepe
1246 2229 1400 2264 domos
1426 2228 1553 2273 etiam,
1579 2240 1693 2275 saepe
1717 2229 1852 2265 addita

281 2277 432 2311 moenia
451 2278 611 2321 raptat
683 2275 732 2312 37
753 2277 797 2312 T:
824 2275 924 2312 Seru.
941 2277 990 2311 ad
1010 2277 1100 2313 Aen.
1114 2277 1167 2311 ΙΙΙ
1186 2280 1243 2312 94.
1272 2277 1337 2312 VII
1358 2281 1413 2313 99.
1440 2276 1508 2312 XII
1527 2279 1597 2312 208
1700 2275 1852 2323 stirpes·

289 2335 361 2368 que
386 2326 518 2369 raptas
543 2325 579 2360 T:
607 2323 808 2360 Cledonius
833 2336 872 2369 p.
891 2327 937 2359 40
1890 2342 1898 2349 .

399 2421 434 2454 Ω
453 2437 498 2449 =
517 2419 1329 2466 A'(Aa)B'(B0)F(‹p1p)R762‘(2z)2=u]
1434 2419 1484 2455 33
1524 2418 1739 2466 Conponere
1775 2431 1804 2456 u

279 2477 419 2535 aequgs
446 2491 483 2527 R
532 2476 672 2536 aequos
699 2492 756 2526 δπ
806 2502 922 2536 equos
947 2491 1042 2537 Pph.
1093 2503 1204 2526 aecus
1233 2492 1276 2527 01
1327 2502 1444 2536 equus
1469 2505 1490 2537 γ
1541 2502 1684 2536 aequus
1711 2491 1756 2527 02³
1771 2494 1849 2534 cett.

277 2547 386 2611 (eqlis
407 2563 458 2609 B)
482 2563 560 2599 uid.
580 2562 725 2608 Epiley.
753 2566 786 2597 et
811 2563 858 2606 cf.
881 2561 957 2599 Cat.
984 2564 1027 2599 de
1052 2564 1135 2609 ayri
1159 2564 1244 2599 cult.
1272 2566 1334 2607 92,
1356 2566 1400 2597 22
1505 2563 1656 2598 caetera
1680 2563 1851 2608 ›ydazmp

278 2618 404 2651 cetera
429 2619 509 2652 cett.
529 2617 569 2651 δι
667 2614 718 2651 34
744 2614 834 2652 Ritu
858 2615 1071 2652 referuntur
1095 2616 1193 2652 A‘z'
1233 2616 1325 2652 Ritu
1349 2616 1517 2651 ferentur
1535 2617 1572 2652 R
1608 2615 1700 2652 Ritu
1725 2616 1851 2652 ferun-

278 2670 341 2704 tur
366 2674 444 2706 eett.
470 2671 507 2705 22
536 2669 578 2705 ‘r.
599 2670 643 2704 r.'
666 2669 733 2706 Ac.
842 2669 962 2720 11an
988 2671 1024 2715 δ,
1055 2695 1089 2705 ψ
1114 2671 1160 2706 ab
1185 2671 1248 2707 alt.
1273 2681 1387 2705 manu
1484 2669 1593 2705 alueo
1618 2669 1851 2716 A'ORyz'u

834 2725 856 2743 u

278 2765 360 2788 aar.
375 2752 551 2799 Hah-Ac.
566 2752 674 2788 schol.
689 2765 709 2797 γ
725 2753 744 2788 b
795 2752 904 2797 albeo
930 2754 967 2789 Β
1016 2764 1177 2799 aequore
1203 2753 1306 2789 Fciu
1355 2764 1492 2798 equore
1522 2766 1549 2788 π
1669 2752 1720 2788 35
1747 2752 1851 2788 dela-

279 2805 404 2841 bentis
431 2807 480 2842 δλ
507 2808 541 2852 ()
636 2805 688 2841 36
714 2806 871 2842 adaesos
898 2808 984 2843 BF
1028 2807 1189 2843 adhesos
1215 2808 1272 2842 δπ
1369 2806 1418 2843 37
1447 2805 1582 2852 Stirpis
1608 2806 1851 2853 n(etLroeb)

280 2859 433 2904 Styrpes
460 2860 501 2895 F
549 2859 692 2905 Stirpes
718 2863 794 2896 cett.
893 2862 1024 2906 raptas
1051 2862 1087 2896 ,Ω
1135 2861 1264 2907 raptos
1291 2861 1346 2896 Re
1437 2859 1568 2895 domus
1593 2859 1695 2896 codd.
1717 2858 1857 2896 FLM

284 2911 408 2948 Seruii
432 2914 481 2948 acl
506 2913 597 2948 Aen.
618 2912 668 2947 III
690 2916 735 2947 94
