2008 3230
190 1090 205 1095 -
273 1119 416 1159 deficit.

272 164 300 198 L
913 159 1197 196 PRAEFATIO.

269 276 404 315 terata
438 276 545 314 linea
580 274 818 315 horizontali
854 274 1008 325 primae
1040 273 1090 324 Τ,
1128 272 1268 313 deinde
1307 268 1347 311 λ’
1377 285 1425 311 ex
1460 272 1616 310 remutit
1652 270 1750 310 fecit
1785 281 1845 309 re-

270 337 407 375 muttit.

389 395 554 434 Praeter
594 394 788 434 eiusmodi
830 394 949 444 locos,
990 392 1136 443 quibus
1178 405 1224 431 ex
1265 392 1315 431 iis
1354 391 1518 442 litteris,
1561 403 1663 442 quae
1701 401 1846 440 parum

270 454 422 493 dinosci
460 455 662 505 poterant,
700 454 825 492 falsae
863 451 1160 492 emendationes
1198 451 1394 503 originem
1433 450 1591 489 duxisse
1626 448 1845 488 credendae

270 515 380 565 sunt,
419 526 589 564 magnus
621 513 745 552 etiam
776 525 913 551 earum
950 511 1225 550 mutationum
1263 511 1462 560 reperitur
1498 503 1706 560 numerus,
1744 519 1846 558 quas

269 573 569 625 glossematicas
593 585 786 612 uocamus
810 572 878 611 uel
903 571 1203 623 grammaticas,
1234 570 1328 609 uide
1348 570 1636 621 Epilegomena
1661 567 1713 607 ad
1737 567 1846 606 locos

269 633 467 672 laudatos,

392 717 511 742 carm.
537 703 578 741 II
607 704 672 754 13,
700 704 724 741 8
758 703 922 742 colchica
952 715 1023 752 pro
1057 702 1185 740 colcha
1216 696 1417 752 Flzw'u',
1448 713 1529 739 non
1558 700 1605 738 R.

390 776 508 802 carm.
535 762 577 800 H
605 763 676 814 13,
706 764 759 801 23
797 764 984 801 discretas
1019 774 1091 812 pro
1130 762 1338 809 discriptas
1382 756 1572 807 Fz'zbv,
1609 771 1689 798 non
1719 750 1846 810 Bul)

390 836 509 862 carm.
534 822 577 860 II
605 824 671 873 20,
699 823 723 860 3
756 823 799 860 in
830 825 934 860 terra
965 834 1036 871 pro
1073 822 1117 858 in
1147 822 1261 858 terris
1291 819 1355 858 1⁴¹6
1364 815 1509 871 zw'u',
1541 831 1620 858 non
1651 818 1698 857 R.

392 895 511 921 carm.
537 881 600 919 III
627 882 670 932 5,
698 882 751 919 53
785 882 980 919 clientium
1016 892 1087 930 pro
1121 880 1301 918 clientum
1330 874 1597 930 Fl'd'zn'qb,
1637 889 1716 915 non
1747 870 1846 914 Ru'.

391 954 509 980 carm.
536 940 599 978 ΙΙΙ
627 942 664 992 9,
692 942 715 978 5
749 941 872 979 aliam
901 952 973 989 pro
1006 940 1088 977 alia
1118 933 1354 991 ldzpbu'g,
1387 950 1467 976 non
1499 938 1544 975 R..

391 1013 512 1039 carm.
537 999 601 1037 III
628 1001 670 1051 9,
699 1000 750 1037 21
790 1000 973 1047 quamuis
1009 1011 1080 1048 pro
1119 1009 1356 1046 quamquam
1387 991 1653 1049 Fdzn'pbu',
1690 1007 1771 1034 non
1800 993 1848 1033 R.

391 1072 513 1099 carm.
545 1058 629 1096 ΙΠΙ
663 1059 816 1110 12,16
862 1058 1067 1097 mereberis
1115 1069 1186 1106 pro
1231 1057 1422 1095 merebere
1462 1051 1766 1108 FdszQbu'3
1815 1053 1851 1092 R

392 1190 504 1240 epod.
532 1190 570 1241 6,
597 1190 634 1228 3.
662 1190 688 1227 4
721 1190 816 1237 quin
836 1191 1017 1227 ...uerte
1115 1189 1330 1236 et...1oete
1360 1200 1432 1237 pro
1459 1187 1554 1235 quin
1651 1187 1848 1226 mertis...

275 1253 307 1289 el
329 1282 336 1289 .
355 1251 503 1298 ..petis
533 1244 721 1299 Fdzbu',
754 1261 834 1287 non
865 1248 930 1288 R..

393 1321 506 1371 epod.
535 1323 572 1371 6,
601 1321 653 1358 15
686 1320 914 1368 oppeliuerit
943 1332 1016 1369 pro
1041 1319 1226 1367 petiuerit
1254 1313 1424 1369 Fdw'b,
1457 1330 1536 1357 non
1566 1311 1669 1356 Ru'.

395 1381 508 1430 epod.
537 1382 574 1431 9,
602 1382 625 1418 9
658 1380 819 1418 uincula
850 1391 922 1429 pro
954 1380 1087 1417 uincla
1119 1373 1279 1429 Fk‘dp,
1312 1377 1434 1416 etiam
1466 1377 1511 1414 R.

372 1440 506 1490 epod.
537 1441 602 1491 17,
633 1441 683 1477 17
719 1440 816 1476 circe
840 1451 911 1488 pro
938 1439 1042 1476 circa
1073 1432 1186 1490 (uide
1218 1437 1336 1487 gloss.
1362 1430 1420 1489 Γ)
1446 1430 1646 1474 FlTu'oc'
1663 1436 1853 1476 consent.

277 1496 386 1551 δ’ἐκ,
418 1512 498 1538 non
529 1499 574 1538 R.
1858 1489 1870 1501 ⁶

395 1570 510 1620 epist.
537 1570 557 1608 I
591 1571 628 1621 7,
656 1570 709 1608 93
748 1570 873 1608 dicere
908 1580 1048 1607 ‘nomen
1099 1581 1172 1618 pro
1206 1578 1355 1617 ponere
1392 1578 1531 1606 nomen
1561 1562 1856 1606 Fl'd'zw'va

276 1630 510 1739 ngnepist.
536 1689 576 1727 H
604 1691 647 1740 2,
678 1690 730 1727 22
763 1689 914 1727 ueniret
949 1701 1021 1738 pro
1066 1687 1210 1726 rediret
1244 1681 1345 1740 (uid.
1377 1686 1498 1737 gloss.
1528 1680 1588 1740 Γ)
1621 1685 1665 1724 111
1694 1682 1855 1737 Fz'voc,
1890 1662 1891 1666 Ἰ

277 1762 357 1788 11011
387 1750 432 1788 R.

402 1820 563 1870 Longe
589 1819 848 1869 plurimum
879 1819 1116 1857 ualebant
1141 1818 1333 1869 glossae
1352 1818 1397 1868 Γ,
1429 1816 1601 1867 quaein
1626 1815 1760 1855 codice
1786 1814 1854 1854 ad-

282 1879 447 1919 modum
477 1879 652 1929 pretioso
676 1874 726 1932 (F
735 1874 818 1932 l'v)
845 1879 896 1917 ad
920 1878 1143 1929 marginem
1169 1877 1342 1927 scriptae
1367 1876 1492 1915 fuisse
1517 1875 1722 1926 putandae
1747 1875 1854 1913 sunt.

281 1939 405 1978 Cuius
436 1939 495 1977 rei
525 1938 641 1977 testis
674 1939 735 1977 est
766 1938 888 1977 codex
919 1951 954 1989 ε,
993 1938 1063 1988 qui
1101 1937 1256 1988 glossas
1286 1937 1326 1974 Γ
1357 1936 1536 1974 continet
1567 1937 1609 1974 et
1639 1934 1755 1974 cuius
1785 1934 1854 1973 ad-

277 1999 355 2037 huc
392 2000 553 2037 seruata
589 1999 686 2036 nota
718 1997 955 2037 scholiastae
987 1993 1014 2035 h
1050 1997 1093 2035 in
1132 1998 1218 2035 arte
1260 1995 1419 2046 poetica
1456 1995 1499 2033 in
1539 1994 1673 2045 ipsum
1708 2006 1853 2034 nomen

281 2059 450 2106 telephus
480 2058 622 2096 incidit
652 2058 722 2108 ita,
754 2059 801 2095 ut
831 2057 922 2095 inde
955 2057 1148 2105 thelephus
1180 2055 1358 2094 extiterit
1388 2054 1430 2092 in
1459 2054 1628 2106 ἙἾβΙισ.

399 2118 446 2155 In
483 2117 704 2156 multorum
742 2116 862 2154 huius
900 2116 1050 2155 ordinis
1093 2115 1275 2155 codicum
1312 2116 1469 2153 textum
1506 2113 1629 2152 etiam
1665 2113 1852 2153 famosa

281 2177 370 2214 illa
410 2178 456 2214 et
493 2189 662 2227 magna
698 2175 1022 2226 interpolatio
1060 2170 1171 2229 (octo
1209 2186 1403 2213 uersuum
1445 2174 1538 2212 ante
1579 2185 1692 2212 serm.
1724 2172 1745 2211 I
1779 2167 1853 2226 10)

281 2236 464 2287 inrepsit,
497 2248 599 2285 quae
632 2235 732 2282 nihil
764 2235 876 2274 aliud
907 2237 970 2276 est
1000 2247 1122 2285 quam
1152 2233 1377 2286 γλώσσημα,
1407 2233 1488 2271 uiri
1513 2231 1622 2272 docti
1645 2231 1854 2271 cuiusdam

280 2296 601 2345 supplementum
628 2295 955 2346 audacissimum,
983 2294 1090 2345 quod
1116 2293 1342 2333 addendum
1367 2292 1524 2332 censuit
1547 2293 1714 2342 propter
1733 2303 1854 2347 uoca-

284 2354 427 2392 bulum
458 2354 606 2402 Nempe
637 2368 675 2394 u.
705 2357 741 2393 1.

407 2413 512 2459 Quid
552 2414 658 2464 quod
699 2413 821 2452 etiam
861 2413 1058 2453 eiusmodi
1102 2413 1321 2452 lectionum
1361 2411 1586 2463 uariarum,
1632 2411 1772 2461 quales
1812 2410 1855 2448 in

288 2473 469 2511 omnibus
512 2473 593 2511 fere
637 2473 839 2512 codicibus
883 2475 924 2512 et
967 2473 1075 2523 apud
1115 2485 1251 2511 omnes
1291 2471 1503 2521 scriptores
1543 2469 1672 2508 redire
1713 2470 1854 2520 solent,

287 2544 467 2582 quasque
499 2544 570 2570 nos
602 2532 730 2571 dicere
768 2533 940 2572 solemus
971 2534 1135 2570 mutuas
1167 2523 1618 2584 (Wechselvarianten),
1655 2528 1698 2566 in
1727 2528 1852 2567 tertio

288 2591 423 2629 ordine
449 2591 651 2642 ingentem
671 2592 1002 2641 deprehendimus
1026 2591 1282 2642 farraginem,
1300 2591 1349 2628 ut
1374 2601 1491 2627 carm.
1511 2588 1533 2626 I
1553 2589 1591 2639 5,
1614 2588 1667 2626 14
1692 2588 1856 2626 humida

287 2663 356 2699 pro
383 2651 508 2688 uuida
533 2644 675 2703 (etiam
699 2647 876 2705 Porph.).
927 2664 1045 2690 carm.
1065 2650 1106 2688 II
1127 2651 1164 2701 3,
1187 2650 1240 2688 28
1268 2650 1425 2687 exilium
1448 2660 1520 2698 pro
1547 2647 1714 2686 exilem.
1763 2659 1795 2687 c.
1813 2646 1856 2684 II

291 2711 327 2759 6,
357 2711 409 2747 22
442 2710 510 2747 ubi
539 2722 611 2759 pro
642 2711 706 2748 ibi.
758 2723 876 2750 carm.
903 2710 944 2748 II
972 2712 1038 2761 17,
1068 2712 1119 2749 19
1154 2710 1278 2748 letalis
1308 2709 1426 2746 horae
1455 2719 1527 2757 pro
1552 2706 1700 2745 natalis
1723 2702 1855 2745 horae.
1928 2746 1934 2751 ,

291 2780 408 2806 carm.
435 2768 496 2806 III
522 2770 567 2819 4,
596 2769 647 2806 31
690 2771 836 2808 arentis
872 2770 940 2808 uel
979 2772 1129 2808 arentes
1165 2781 1237 2819 pro
1274 2768 1432 2806 urentis.
1494 2779 1613 2806 carm.
1638 2765 1702 2804 III
1729 2766 1772 2817 5,
1800 2765 1852 2804 51

310 2950 317 2957 ι
412 2906 446 2950 1)
470 2903 554 2938 Nisi
581 2904 693 2939 aliam
718 2906 884 2951 praefers
910 2905 1270 2953 interpretationem,
1298 2904 1344 2941 cf.
1365 2915 1461 2950 quae
1486 2903 1597 2940 modo
1623 2903 1670 2939 de
1693 2903 1766 2939 hac
1784 2902 1857 2939 lec-

288 2952 391 2986 tione
417 2951 663 2996 exposuimus.
