2002 3224
862 130 951 167 LIB.
972 131 1034 167 III.
1062 134 1083 165 6
1678 131 1762 172 169

532 250 663 285 motus
695 244 833 284 doceri
864 244 1008 296 gaudet
1037 243 1194 283 Ionicos

533 322 687 356 matura
718 318 832 368 uirgo
865 321 906 356 et
936 316 1100 368 fingitur
1131 314 1284 355 artibus

592 390 670 428 iam
701 400 809 428 nunc
841 392 880 427 et
911 389 1086 427 incestos
1118 399 1273 427 amores

654 460 702 500 de
734 464 873 499 tenero
905 458 1121 499 meditatur
1152 460 1294 512 ungui3

533 544 624 571 mox
656 533 835 571 iuniores
868 532 1023 583 quaerit
1059 530 1261 570 adulteros
1316 568 1319 576 ,
1720 538 1764 569 25

535 605 640 643 inter
671 604 805 643 mariti
835 604 947 656 uina,
979 615 1109 655 neque
1143 601 1263 654 elegit

594 677 659 716 cui
691 676 810 715 donet
841 676 1081 727 inpermissa
1112 675 1255 727 raptim

653 747 796 800 gaudia
827 747 1046 787 luminibus
1077 748 1262 800 remotis,

535 820 604 860 sed
637 822 744 860 iussa
777 831 911 859 coram
943 831 1024 859 non
1057 820 1142 859 sine
1176 820 1335 859 conscio
1626 865 1639 879 .

535 893 662 944 surgit
692 893 853 945 marito,
886 904 958 931 seu
989 896 1107 931 uocat
1138 892 1300 931 institor
1720 900 1765 931 30

594 977 666 1004 seu
697 965 812 1004 nauis
843 963 1041 1016 Hispanae
1074 964 1277 1017 magister,

654 1035 896 1076 dedecorum
927 1036 1129 1088 pretiosus
1162 1040 1329 1088 emptor.

181 1209 413 1257 populoque’
441 1210 604 1257 legimus
630 1211 733 1257 apud
760 1210 828 1247 Οιι.
849 1211 937 1246 met.
957 1210 1026 1246 XV
1047 1213 1116 1245 572
1143 1211 1182 1245 et
1207 1211 1287 1247 luu.
1309 1214 1365 1257 14,
1388 1214 1432 1246 70
1543 1210 1593 1247 21
1610 1223 1690 1256 sqq.
1719 1211 1768 1247 ad

184 1259 278 1295 sent.
302 1258 346 1296 8.
374 1258 499 1305 Scipio
518 1258 749 1296 Africanus
739 1271 779 1294 m
797 1258 963 1295 Macrob.
985 1259 1056 1295 sat.
1077 1258 1112 1293 ΙΙ
1133 1262 1194 1295 1οε
1228 1259 1411 1294 docentur
1437 1258 1634 1313 (uirgines)
1658 1270 1765 1305 prae-

185 1305 322 1351 stigias
347 1305 567 1342 inhonestas
593 1318 678 1342 cum
698 1306 908 1343 cinaedulis
928 1306 968 1342 et
987 1306 1169 1342 sambuca
1187 1305 1445 1352 psalterioque
1466 1305 1587 1342 eunt
1576 1319 1616 1342 ιιι
1635 1306 1768 1343 ludum

182 1353 419 1390 histrionum.
459 1354 609 1395 discunt
634 1356 788 1391 cantare
815 1365 912 1400 quae
936 1354 1099 1390 maiores
1125 1354 1247 1390 nostri
1271 1353 1446 1400 ingenuis
1471 1354 1610 1401 probro
1637 1354 1768 1391 ducier

183 1401 400 1446 uoluerunt:
427 1405 534 1449 eunt,
566 1402 739 1448 inquam,
772 1402 812 1437 in
845 1402 976 1438 ludum
1004 1402 1244 1438 saltatorium
1269 1402 1369 1438 inter
1394 1403 1572 1438 cinaedos
1598 1402 1765 1449 uirgines

183 1449 366 1496 puerique
391 1450 548 1504 ingenui
687 1450 736 1486 21
776 1451 818 1488 8·
852 1450 976 1486 Plaut.
997 1450 1132 1486 Pseud.
1156 1453 1265 1487 1274:
1293 1450 1434 1496 quippe
1461 1462 1531 1496 ego
1558 1450 1625 1496 qui
1650 1451 1767 1497 probe

183 1497 350 1533 Ionicam
381 1497 568 1544 perdidici
628 1501 634 1505 ”
724 1498 776 1535 24
814 1498 857 1535 8.
892 1498 1132 1534 Automedon
1157 1498 1261 1535 anth.
1282 1498 1361 1534 Pal.
1376 1498 1409 1534 V
1431 1502 1518 1544 129,
1544 1503 1612 1534 1—
1622 1503 1656 1535 3:
1698 1499 1767 1545 τὴν

184 1545 260 1582 ἀπὸ
286 1551 351 1592 τῆς
371 1545 488 1592 Ἀσίης
507 1544 745 1593 ὀρχηστρίὃα,
771 1546 839 1592 τὴν
858 1545 1100 1592 κακοτέχνοις
1119 1545 1303 1593 σχήμασιν
1324 1543 1363 1591 ἐξ,
1383 1545 1540 1583 ἁπαλῶν
1560 1546 1767 1593 κινυμένην

185 1593 342 1640 ὀνύχων,
369 1592 483 1630 αἰνέω
506 1624 513 1631 .
553 1596 589 1641 .ss
609 1594 683 1630 Cic.
699 1594 808 1640 epist.
822 1594 840 1629 I
854 1598 892 1631 6:
920 1605 944 1629 a
962 1593 1113 1640 teneris,
1139 1595 1182 1630 ut
1201 1594 1336 1630 Graeci
1358 1591 1501 1641 dicunt,
1528 1594 1769 1650 unguiculisss

185 1642 369 1677 Graecum
393 1642 652 1688 prouerbium:
687 1640 725 1686 ἐξ
752 1642 897 1689 ὅνυχων
924 1641 1080 1678 ἁπαλῶν
1195 1641 1300 1688 27sq
1276 1654 1311 1688 q.
1338 1653 1385 1688 ep
1387 1642 1449 1679 ist.
1469 1624 1628 1679 Didonis
1643 1643 1763 1690 (anth.

183 1690 267 1726 Lat.
280 1701 336 1726 nr.
351 1690 464 1734 833.)
481 1693 630 1735 127sq:
660 1689 780 1726 tibine
806 1689 1112 1745 inpermissus
1137 1689 1301 1726 habetur
1325 1689 1411 1736 lege
1436 1690 1592 1736 pudoris
1619 1692 1787 1739 amoru-

182 1737 266 1774 Val
286 1737 386 1774 Max.
402 1737 471 1773 VH
492 1742 530 1784 3,
554 1742 614 1775 10:
636 1737 785 1784 uolgari
805 1740 844 1774 et
861 1737 1049 1784 permissa
1068 1749 1204 1774 uenere
1302 1737 1353 1773 28
1380 1738 1430 1774 ad
1449 1740 1543 1776 sent.
1572 1739 1614 1776 8.
1639 1739 1766 1775 Plaut.

183 1784 278 1821 asin.
300 1788 368 1820 785
384 1797 465 1831 sqq.
563 1786 652 1822 lum.
674 1786 781 1833 rem.]
813 1786 856 1823 8.
882 1786 994 1822 Prud.
1015 1797 1092 1831 per.
1112 1786 1147 1821 X
1172 1790 1260 1822 593:
1290 1787 1524 1822 remouete
1549 1786 1718 1823 lumen!

182 1832 234 1869 29
249 1844 304 1878 sq.
329 1833 502 1869 ‘libertas
528 1833 666 1869 emitur
682 1834 858 1888 (coram)]
885 1833 910 1870 i.
927 1845 956 1869 e.
978 1833 1127 1878 marito,
1154 1835 1196 1869 ut
1219 1835 1402 1880 peccante
1427 1845 1542 1870 uxore
1568 1836 1767 1870 contentus

184 1880 235 1916 sit
259 1882 386 1917 tacere
410 1883 565 1928 propter
585 1881 799 1918 auaritiam.
838 1883 882 1917 ut
902 1882 990 1918 Hor.
1011 1883 1050 1917 et
1068 1893 1144 1918 non
1167 1881 1248 1918 sine
1268 1881 1416 1918 conscio
1438 1884 1571 1928 surgat
1589 1882 1765 1919 maritus’

185 1929 300 1965 schol.
320 1929 488 1966 quenal.
506 1929 558 1965 Vl
580 1934 648 1966 140
794 1930 859 1967 30.
892 1929 942 1966 32
982 1930 1026 1967 8;
1066 1930 1148 1966 Sen.
1175 1930 1310 1976 fragm.
1338 1934 1383 1966 52
1408 1942 1445 1976 p.
1471 1933 1542 1965 429
1557 1930 1621 1967 H.:
1659 1930 1768 1967 insti-

186 1978 287 2060 togles
313 1987 545 2060 gemmarum
574 1977 853 2024 sericarumque
878 1977 1043 2014 uestium
1069 1977 1101 2014 si
1127 1977 1393 2024 intromiseris,
1423 1960 1648 2024 periculum
1659 1978 1768 2025 pudi-

187 2036 221 2060 οι
255 2035 301 2061 ae
326 2035 366 2061 es

308 2194 343 2228 ει
364 2211 408 2222 =
427 2193 1094 2242 Α’(Αα)οΓ(φψ)Βγὸι’(ιῑ)πτα]
1193 2194 1243 2230 22
1282 2179 1325 2231 3:
1349 2207 1377 2230 π
1450 2194 1562 2241 fingit
1586 2208 1607 2241 γ
1641 2194 1770 2242 fungi-

187 2249 248 2283 tur
273 2258 314 2283 αι
352 2246 508 2292 fingitur
533 2251 611 2284 cett.
626 2258 667 2283 a2
688 2248 755 2284 Ac.
776 2248 975 2285 Pseudacr.
996 2249 1141 2294 schol.y
1157 2249 1211 2284 bis
1236 2250 1271 2295 ()
1370 2248 1515 2285 artibus
1541 2248 1770 2295 A'O'Ryhv

186 2301 279 2347 Pph.
295 2300 362 2337 Ae.
378 2301 578 2338 Pseudacr.
617 2301 775 2336 artubus
796 2302 850 2337 As
861 2302 1138 2347 Fyuaronw
1152 2303 1260 2339 schol.
1274 2305 1330 2348 λφ
1350 2307 1385 2339 et
1402 2304 1468 2339 hoc
1481 2304 1769 2349 praeferendum

185 2359 302 2391 censet
326 2355 564 2402 Porphyrion
584 2357 615 2402 ()
636 2356 714 2391 uid.
730 2356 874 2403 Epileq.
974 2355 1025 2392 23
1050 2355 1217 2391 incestus
1243 2370 1263 2391 τ
1300 2356 1462 2393 incestos
1485 2357 1522 2393 R
1620 2355 1672 2392 24
1696 2356 1768 2392 De-

184 2409 264 2444 tero
290 2409 345 2445 R:
468 2408 519 2445 25
549 2408 674 2454 querit
701 2409 790 2445 Cvu
917 2409 968 2445 26
1001 2408 1119 2455 elegit
1138 2409 1284 2446 ‘A'ORi
1294 2411 1407 2456 πρνλ
1448 2409 1559 2455 eligit
1584 2411 1624 2446 F
1660 2410 1770 2458 eligit

185 2462 689 2509 A2R2762neorraeuPph.
706 2463 943 2510 uid.Epiley.
1042 2463 1090 2499 27
1120 2463 1239 2498 donec
1251 2463 1306 2499 R1
1362 2463 1588 2509 inpermissa
1609 2464 1766 2510 Ryuar.

186 2515 349 2561 δλ’πψα
361 2528 452 2552 corr.
467 2517 664 2554 Pseudaer.
690 2518 797 2553 schol.
813 2530 834 2563 γ
849 2518 903 2553 bis
918 2518 1025 2553 schol.
1041 2520 1097 2563 λφ
1134 2516 1373 2563 impermissa
1399 2531 1428 2563 φ
1472 2517 1658 2562 permissa
1671 2530 1698 2554 u
1705 2530 1766 2564 pr.

187 2568 402 2605 intermissa
427 2570 662 2617 Aovaph.
677 2571 812 2617 Porph.
827 2571 1071 2617 interpolatus
1126 2570 1227 2606 inter
1250 2570 1368 2605 missa
1387 2582 1432 2616 α,·
1456 2572 1502 2615 cf.
1529 2569 1767 2606 inconcessos

189 2651 196 2658 .
213 2652 220 2659 .
236 2650 245 2659 .
265 2622 492 2668 hymenaeos
518 2625 620 2672 Very.
636 2624 755 2661 Amul
769 2627 837 2659 651
872 2623 1132 2660 inconcessam
1151 2652 1159 2660 .
1176 2652 1184 2661 .
1200 2653 1207 2660 .
1230 2635 1334 2670 spem
1354 2623 1503 2659 ueneris
1527 2624 1595 2659 ΟΜ.
1609 2623 1768 2660 m.V1111

190 2679 258 2712 638
271 2687 322 2722 sq.
419 2676 574 2725 raptim]
600 2678 740 2723 partim
767 2678 861 2724 Pph.
984 2677 1034 2713 28
1071 2677 1230 2724 gaudia]
1259 2677 1398 2713 Oscula
1422 2689 1448 2713 u
1571 2676 1622 2713 29
1657 2678 1722 2713 Set
1745 2692 1767 2725 γ

190 2729 241 2776 (S,
264 2729 310 2775 Ο)
383 2729 502 2778 iussa]
528 2732 628 2767 omis.
650 2733 736 2778 δρψ.
775 2730 899 2767 iussas
923 2743 952 2766 π
1038 2732 1185 2768 conscio
1217 2733 1240 2766 δ
1361 2730 1412 2766 30
1451 2731 1584 2776 surgat
1607 2731 1767 2768 maritus

189 2783 297 2819 schol.
317 2783 490 2819 quenal.
565 2786 647 2831 seu]
673 2796 757 2820 cum
784 2787 859 2821 δπι
897 2796 960 2832 seu
985 2785 1041 2820 R2
1055 2786 1098 2820 in
1109 2796 1183 2821 ras.
1204 2787 1237 2830 ()
1351 2783 1400 2819 31
1429 2783 1551 2819 mauis
1581 2784 1611 2820 Ο
1681 2785 1768 2831 hys-

189 2846 312 2882 panae
339 2837 351 2872 l
388 2835 586 2882 hispaniae
611 2838 853 2876 A'2OF1R1
951 2837 1001 2873 32
1035 2836 1247 2883 praetiosus
1273 2837 1340 2884 Ἐγ
1378 2836 1569 2885 preciosus
1595 2850 1652 2875 au
1688 2839 1767 2886 pci-

191 2918 278 2943 osus
306 2907 359 2944 Gt
457 2892 576 2943 effltor
600 2921 628 2944 π
