2002 3224
294 69 297 72 ’
367 96 419 115 s
859 102 948 138 ΜΒ.
967 102 1047 140 1111.
1076 106 1120 138 15
1681 105 1736 146 27
1741 106 1768 146 9

474 227 640 255 creuere
671 217 781 255 uires
813 216 994 268 famaque
1027 219 1067 255 et
1098 217 1242 269 imperi

533 292 718 340 porrecta
750 289 936 328 maiestas
969 287 1016 327 ad
1049 292 1160 328 ortus
1725 299 1767 329 15

593 359 689 399 solis
722 359 770 399 ab
802 359 996 412 Hesperio
1029 359 1164 413 cubili,

473 431 637 471 custode
670 444 805 471 rerum
836 431 1006 471 Caesare
1038 444 1119 471 non
1152 432 1263 472 furor

473 502 605 543 ciuilis
638 508 705 543 aut
735 505 799 543 uis
831 504 964 556 exiget
996 505 1134 557 otium,

530 587 610 615 non
642 576 713 629 ira,
746 587 846 628 quae
878 575 1063 627 procudit
1095 588 1214 615 enses

590 651 629 686 et
659 648 827 687 miseras
859 648 1038 687 inimicat
1069 646 1202 686 urbes.
1719 656 1765 688 20

472 731 552 758 non
585 720 653 772 qui
684 719 927 772 profundum
959 718 1184 759 Danuuium
1216 718 1359 759 hibunt

471 790 600 830 edIcta
632 796 818 843 rumpent
849 790 960 844 Iulia,
992 803 1072 830 non
1104 790 1238 845 Getae,

531 875 610 902 non
643 863 761 903 Seres
793 863 957 903 infidiue
990 863 1147 916 Persae,

589 947 669 974 non
701 935 851 974 Tanain
882 947 1007 987 prope
1039 935 1187 975 flumen
1220 937 1308 975 orti.

468 1018 621 1058 nosque
655 1010 694 1045 et
724 1006 914 1058 profestis
947 1005 1103 1046 lucibus
1136 1011 1176 1047 et
1208 1009 1335 1047 sacris
1718 1017 1764 1048 25

467 1079 573 1117 inter
604 1078 732 1117 iocosi
760 1090 930 1117 munera
961 1077 1108 1132 Liberi,

527 1162 618 1189 cum
649 1148 760 1201 prole
793 1151 1067 1202 matronisque
1101 1152 1250 1190 nostris

585 1222 660 1261 rite
693 1221 790 1260 deos
821 1222 935 1274 prius
972 1221 1186 1277 adprecati,

300 1324 351 1361 16
378 1325 421 1362 S:
448 1324 665 1361 Mimnerm.
683 1324 727 1360 fr.
751 1328 806 1370 12,
823 1328 860 1361 5:
888 1324 1065 1372 (Ἠελίου)
1091 1324 1327 1373 πολυήρατος
1352 1326 1444 1372 εὐνή
1543 1326 1593 1362 18
1619 1326 1762 1374 exiget]

177 1372 356 1419 Porphyr.
385 1372 495 1409 affert
519 1373 601 1409 Ter.
628 1373 743 1408 Andr.
769 1373 863 1418 prol.
891 1377 953 1410 27:
981 1374 1212 1419 spectandae
1239 1385 1290 1409 an
1314 1373 1525 1420 exigendae
1637 1375 1687 1411 19
1715 1376 1760 1413 S:

175 1420 364 1467 mythogr.
389 1421 406 1456 I
434 1424 478 1456 18
503 1433 540 1467 p.
561 1423 582 1456 ὃ
607 1420 728 1457 Bode:
767 1423 807 1456 et
835 1432 882 1457 ne
913 1421 1042 1467 puella
1072 1421 1225 1458 Iunonis
1256 1421 1371 1458 iram
1401 1423 1698 1470 procuderet,
1737 1435 1761 1459 a

177 1471 438 1515 compressore'
457 1468 498 1504 in
523 1480 681 1504 uaccam
704 1469 975 1514 transfigurata
1000 1470 1059 1505 est
1161 1470 1211 1506 20
1240 1469 1525 1507 ‘inimicare'
1555 1470 1672 1507 etiam
1698 1483 1759 1518 ap.

176 1518 271 1554 Stat.
298 1517 414 1552 Theb.
441 1517 476 1552 II
501 1520 569 1552 419
625 1517 764 1554 Auson.
791 1517 900 1563 epist.
928 1521 985 1563 24,
1007 1521 1052 1554 63
1113 1517 1234 1564 Apoll.
1265 1517 1390 1554 Sidon.
1419 1518 1528 1565 epist.
1555 1519 1590 1555 V
1612 1522 1666 1566 19,
1689 1523 1708 1556 1

177 1564 225 1601 21
243 1577 323 1610 sqq.
352 1565 396 1602 S:
422 1564 533 1601 Prud.
555 1566 686 1601 contra
707 1564 845 1610 Symm.
865 1565 900 1600 II
921 1569 990 1600 602
1005 1577 1103 1610 sqq.:
1131 1566 1227 1602 hanc
1251 1566 1468 1602 frenaturus
1493 1566 1639 1603 rabiem
1665 1568 1758 1604 deus

176 1612 344 1658 undique
376 1613 509 1658 gentes
541 1611 723 1648 inclinare
755 1614 871 1659 caput
901 1613 1032 1649 docuit
1062 1614 1132 1649 sub
1163 1613 1313 1660 legibus
1345 1613 1468 1651 isdem
1492 1615 1759 1662 Romanosque

175 1671 304 1696 omnes
330 1660 428 1705 fieri,
456 1671 549 1705 quos
574 1660 728 1695 Rhenus
755 1662 793 1696 et
817 1661 956 1707 Hister,
984 1673 1078 1706 quos
1104 1661 1231 1707 Tagus
1257 1661 1448 1709 aurifluus,
1475 1674 1570 1708 quos
1596 1675 1758 1710 magnus

173 1707 334 1744 inundat
358 1708 531 1754 Hiberus,
559 1707 731 1753 corniger
753 1708 1004 1754 Hesperidum
1030 1720 1124 1754 quos
1150 1709 1394 1746 interlabitur
1420 1712 1459 1746 et
1483 1722 1578 1755 quos
1605 1711 1756 1759 Ganges

173 1755 245 1792 alit
274 1755 471 1802 tepidique
502 1755 636 1791 lauant
667 1757 812 1802 septem
844 1756 944 1792 ostia
975 1756 1067 1794 Nili.
1110 1757 1170 1793 ius
1209 1757 1302 1794 fecit
1339 1769 1535 1794 commune
1573 1770 1682 1802 pares
1717 1761 1758 1796 et

173 1803 325 1840 nomine
350 1804 483 1840 eodem
508 1803 640 1839 nexuit
665 1805 704 1839 et
729 1804 893 1840 domitos
919 1804 1088 1841 fraterna
1113 1804 1153 1840 in
1178 1805 1306 1841 uincla
1330 1806 1480 1852 redegit
1553 1806 1616 1844 21.
1635 1806 1685 1843 24
1713 1808 1755 1845 S:

175 1851 259 1889 Sen.
279 1852 416 1889 Troad.
437 1854 572 1888 8—11:
605 1851 683 1897 qui
710 1852 773 1898 (al.
795 1854 907 1899 quae)
933 1852 1114 1898 frigidum
1141 1854 1299 1899 septena
1323 1854 1473 1889 Tanain
1498 1865 1565 1890 ora
1589 1855 1757 1901 panden—

173 1901 252 1935 tem
276 1899 417 1946 bibit,
447 1901 487 1935 et
511 1899 577 1945 qui
601 1901 775 1935 renatum
806 1900 950 1946 primus
976 1900 1166 1946 excipiens
1194 1901 1295 1937 diem
1320 1901 1493 1948 tepidum
1517 1902 1670 1939 rubenti
1695 1903 1756 1939 Ti-

175 1946 261 1993 grin
285 1947 473 1983 immiscet
497 1949 594 1984 freto
711 1948 759 1983 21
786 1948 926 1984 flumen
952 1948 1108 1994 aliquod
1133 1948 1263 1985 bibere
1289 1949 1407 1985 etiam
1432 1950 1535 1995 apud.
1562 1949 1629 1987 Ou.
1656 1951 1754 1988 trist.

173 1995 206 2030 V
233 1998 265 2040 3,
287 1999 342 2031 24.
382 1995 466 2032 Sen.
494 1996 584 2031 Oed.
604 1999 685 2032 427.
723 1996 863 2032 Phoen.
886 2000 965 2033 127.
1000 1997 1098 2033 Med.
1119 2000 1188 2032 373
1204 2009 1258 2042 sq.
1296 1998 1430 2043 Agam.
1451 2001 1520 2034 316
1535 2010 1617 2043 sqq.
1656 1999 1752 2036 Stat.

173 2042 241 2078 Th.
261 2043 279 2079 I
298 2046 379 2079 686.
418 2043 528 2080 Mart.
549 2043 666 2089 epigr.
686 2043 752 2080 lib.
774 2048 807 2089 3,
828 2049 860 2081 5.
900 2044 964 2081 Sil.
975 2044 1064 2080 VIII
1085 2049 1154 2080 367
1175 2047 1336 2093 (potare)
1356 2047 1396 2081 et
1414 2045 1509 2081 alibi
1582 2046 1633 2082 26
1653 2046 1752 2083 ioco-

172 2090 205 2126 si
226 2119 234 2127 .
250 2119 258 2127 .
275 2119 282 2127 .
302 2090 429 2126 Liberi
454 2091 500 2126 ef.
522 2091 607 2128 adn.
636 2091 684 2126 ad
710 2103 740 2128 c.
764 2092 799 2127 Π
820 2095 875 2138 19,
891 2095 936 2128 25
1010 2104 1166 2128 munera
1185 2094 1242 2140 L.]
1269 2094 1312 2130 S:
1340 2093 1428 2130 Hes.
1445 2093 1518 2140 ἔργ.
1534 2098 1621 2132 614:
1649 2096 1753 2142 δῶρα

174 2138 372 2175 Διωνύσου
398 2138 637 2185 πολυγηθέος
655 2142 668 2186 ΙΙ
687 2139 865 2186 Bacchyl.
891 2141 934 2176 fr.
957 2144 1013 2186 27,
1034 2141 1118 2177 4Β;
1146 2139 1380 2177 Διονυσίοισι
1406 2142 1541 2189 δώροις

294 2243 329 2276 52.
349 2259 394 2270 =
414 2241 1054 2289 A'(Aa)F(q>2p)Ryaz'(zz)ku]
1188 2242 1238 2278 14
1270 2243 1407 2289 fameq.
1434 2244 1474 2281 R
1617 2244 1754 2291 imperi

171 2295 210 2331 R
218 2296 351 2342 γς(ρ1)
377 2307 472 2332 cons.
497 2296 602 2342 yloss.
623 2308 645 2331 ν
671 2300 755 2332 ante
780 2307 951 2332 rasuram
999 2295 1149 2341 imperii
1181 2301 1260 2333 cett.
1469 2297 1518 2334 15
1556 2299 1680 2334 ortum
1712 2300 1752 2335 δι

172 2348 292 2397 ortus]
313 2362 335 2384 v
386 2349 489 2384 ortus
515 2352 593 2384 cett.
621 2349 662 2384 δε
688 2350 720 2395 ()
763 2348 770 2354 ’
818 2348 867 2384 16
895 2349 954 2393 ab,
982 2348 1005 2383 b
1031 2350 1072 2385 in
1097 2361 1185 2394 ras„
1210 2350 1248 2387 R
1345 2350 1522 2397 hesperia
1547 2362 1593 2387 πι
1612 2356 1656 2388 ut
1673 2353 1752 2389 uid.

218 2402 265 2439 17
294 2413 421 2438 cesare
448 2403 548 2438 Αδιι
613 2401 714 2438 foror
740 2404 753 2439 Z
771 2415 831 2449 pr.
932 2403 982 2439 18
1009 2402 1136 2449 exiget
1154 2404 1259 2440 13132
1272 2416 1356 2440 uar.
1375 2404 1481 2441 λ’πα
1499 2405 1594 2452 Pph.
1614 2406 1750 2452 Porph.

170 2456 236 2492 Ac.
254 2457 359 2503 yloss.
375 2457 395 2492 b
421 2455 540 2502 exigit
559 2454 596 2491 A
633 2456 774 2493 eximet
789 2457 1015 2503 FR276vl2
1029 2469 1111 2493 παν.
1125 2469 1152 2493 u
1165 2459 1197 2503 <)
1215 2459 1293 2495 uid.
1310 2458 1455 2506 Epiley.
1522 2458 1646 2494 ocium
1664 2460 1752 2496 R1a

172 2539 222 2575 19
243 2550 316 2584 que
335 2553 356 2585 γ
429 2522 710 2589 &esyudtgonses
730 2553 758 2576 π
855 2540 906 2576 20
924 2539 1095 2577 miserias
1116 2542 1139 2576 δ
1220 2540 1429 2591 inimicatss
1444 2555 1473 2577 π
1539 2542 1693 2590 urbssses
1713 2543 1751 2579 R

218 2591 266 2627 21
294 2593 502 2629 danuuium
527 2596 639 2632 A'1R
680 2595 753 2630 dan
759 2596 789 2642 ss
795 2593 926 2630 ubium
945 2608 966 2640 γ
1005 2594 1212 2631 danubium
1237 2600 1316 2632 cett.
1336 2594 1403 2631 A'2
1478 2595 1528 2631 22
1554 2595 1709 2632 Etdicta
1728 2610 1749 2642 γ

170 2645 220 2681 Et
238 2645 374 2685 dictas
388 2647 546 2694 (Turio.)
572 2660 666 2685 cons.
687 2649 794 2685 schol.
815 2662 836 2694 γ
874 2647 1011 2683 Edicta
1030 2652 1108 2684 cett.
1123 2650 1188 2685 Ac.
1203 2650 1402 2686 Pseudacr.
1477 2651 1662 2695 rumperit
1679 2665 1702 2697 y

171 2698 262 2747 iulie
289 2699 354 2735 A'1
428 2702 515 2749 gete
542 2703 600 2737 δπ
686 2702 736 2738 23
762 2701 916 2737 infidiue
938 2701 1034 2737 Ὲὸλ
1048 2714 1087 2747 p.
1102 2713 1175 2738 ras.
1191 2715 1248 2738 νπ
1261 2703 1328 2740 Ac.
1365 2702 1547 2748 infidique
1566 2704 1751 2751 A'Ryk'u

168 2753 246 2789 uid.
267 2752 412 2800 Epiley.
510 2753 560 2790 24
586 2755 730 2791 tanaim
757 2757 780 2791 ὃ
805 2760 889 2792 ante
913 2766 987 2791 ras.
1013 2754 1106 2790 λ’π2
1188 2755 1237 2792 25
1263 2756 1423 2804 Nosq3sss
1444 2755 1587 2805 cpfestis
1613 2769 1638 2794 a
1711 2762 1750 2796 et

170 2807 273 2842 omis.
298 2806 377 2842 Αἵ
402 2828 406 2831 «
470 2808 645 2852 profestis
671 2810 709 2847 R
807 2809 855 2846 27
882 2810 1021 2844 nostris
1048 2809 1085 2844 R
1183 2809 1233 2845 28
1259 2809 1455 2856 adprecati
1479 2810 1553 2857 (uel
1577 2811 1746 2859 adpcati)

173 2877 382 2924 FRvan
432 2863 603 2924 {peccati
627 2880 663 2916 A
714 2880 910 2927 apprecati
935 2881 994 2917 uel
1020 2880 1172 2927 appcati
1197 2882 1268 2918 λαῐ
1291 2893 1383 2919 corr.
1398 2894 1425 2918 u
1474 2883 1746 2931 appeantilpr.
