2002 3224
269 146 357 188 344
766 147 1023 183 EXOERPTA
1042 147 1337 191 CRVQVIANA.

269 253 507 300 stupiditatis
537 255 625 291 labe
656 266 732 290 non
763 254 900 300 puduit
931 265 1140 301 aspergere.
1190 254 1319 291 Facile
1351 255 1508 292 conjicio
1535 267 1598 293 eos
1629 256 1669 292 in
1697 256 1840 293 eiusce-

269 308 373 344 modi
391 308 567 344 librarios
585 308 774 354 incidisse,
795 308 927 354 quales
946 319 1014 355 per
1035 308 1183 354 aliquot
1202 319 1320 345 annos
1339 309 1467 346 valide
1489 321 1558 346 nos
1577 311 1839 358 exercuerunt,

271 363 312 398 at
335 362 407 398 hoc
431 362 672 398 vehementer
704 361 916 408 abominor,
948 364 1028 398 tam
1058 361 1360 408 praecellentibus
1392 362 1636 409 scriptoribus
1666 374 1730 399 eos
1754 364 1841 399 tan-

269 417 350 451 tam
380 415 597 451 barbariem
625 426 873 461 nuncupasse.
931 415 1039 459 Quod
1077 416 1176 452 certe
1207 426 1254 451 ne
1285 415 1464 462 facerem,
1497 416 1528 451 a
1557 415 1764 453 iudicarem
1795 427 1841 453 ex

272 469 394 505 doctis
427 469 729 505 enarrationibus
759 469 856 504 nihil
882 471 995 515 quam
1021 469 1212 505 cucullata
1237 480 1431 517 superesse
1457 472 1668 506 commenta
1692 471 1842 517 (praeter

271 522 475 558 admodum
500 533 622 568 pauca
648 523 671 557 a
695 522 805 559 nobis
830 534 968 568 magno
994 522 1124 559 labore
1148 533 1247 557 nunc
1273 522 1322 558 ab
1349 522 1434 558 aliis
1467 525 1668 570 separata,)
1696 535 1741 560 ea
1765 535 1841 561 non

271 576 511 622 enarratoris,
539 576 604 611 sed
624 576 937 612 Commentatoris
963 587 1044 612 esse
1068 576 1181 613 volui.
1219 575 1363 612 Deinde
1389 577 1474 612 cum
1498 577 1659 621 quatuor
1682 576 1841 624 legerim

215 660 218 662 .
270 630 420 676 Horatij
446 629 684 675 interpretes,
709 629 1015 676 Porphyrionem,
1034 630 1229 676 Acronem,
1249 629 1473 676 Modestum,
1500 630 1531 665 ἃ
1550 630 1745 676 Scaurum3
1771 642 1841 668 nee

269 683 358 719 vllis
384 683 611 729 Blandiniis,
638 683 840 730 Tonsanis,
875 685 941 719 aut
971 683 1058 719 aliis
1084 683 1235 730 scriptis
1261 683 1477 730 appositum
1500 695 1638 720 nomen
1663 683 1840 723 alicuius:

270 737 363 782 quid
395 736 473 783 cui,
507 747 650 782 quaeso,
683 736 957 773 adscriberem?
1001 737 1175 773 Fecerint
1207 737 1277 772 hoc
1310 736 1375 783 alij
1407 738 1653 784 typographi,
1684 740 1726 774 vt
1754 750 1841 775 suos

271 792 383 836 typos
408 789 690 836 plausibiliores
715 790 933 837 redderent3
957 792 1129 827 nostrum
1148 791 1237 826 sane
1261 802 1338 827 non
1361 789 1435 827 fuit
1458 792 1540 827 tam
1564 792 1679 828 stulte
1703 793 1742 828 te
1766 792 1842 829 lec-

271 846 392 880 torem
426 844 571 890 ludere,
603 842 751 890 tibiq‘ue
790 855 858 890 pro
889 843 1078 880 thesauris
1108 844 1289 880 carbones
1326 845 1527 881 ostentare.
1582 844 1756 881 Ceterum
1791 847 1842 892 te,

272 897 411 943 amice,
444 897 631 933 monitum
661 897 765 933 volui
795 899 925 934 nostra
956 897 1068 944 culpa
1100 908 1229 933 versus
1260 897 1408 944 Horatij
1446 897 1488 933 in
1523 897 1644 934 tribus
1677 898 1843 936 odarum

270 951 403 998 primis
435 951 484 986 ad
509 953 677 987 nostram
702 950 905 987 lectionem
928 963 1004 987 non
1029 962 1111 987 esse
1138 950 1373 997 emendatos3
1405 962 1494 987 nam
1517 951 1620 998 typis
1643 952 1843 999 praefectus

272 1005 321 1040 ad
353 1004 544 1051 exemplar
575 1003 649 1040 sibi
679 1004 913 1050 propositum
946 1017 1054 1041 suum
1087 1004 1180 1041 satis
1212 1004 1377 1041 officium
1407 1004 1516 1052 fecit,
1547 1016 1623 1042 non
1653 1006 1770 1042 etiam
1793 1006 1844 1043 ad

273 1059 542 1095 correctionem
572 1059 757 1104 nostram,
791 1059 891 1103 quod
922 1059 1001 1095 fore
1033 1058 1128 1094 mihi
1158 1069 1419 1104 persuaseram
1442 1058 1591 1094 nescius
1617 1059 1710 1095 artis
1736 1061 1845 1108 typo·

272 1112 473 1159 graphicae,
499 1122 614 1158 quam
638 1123 735 1147 nunc
760 1111 870 1148 video
895 1112 1059 1159 primum
1083 1113 1225 1148 rectam
1245 1111 1399 1157 quidem
1423 1122 1553 1148 curare
1579 1113 1628 1148 ad
1653 1113 1845 1160 exemplar

271 1176 436 1212 praesens
467 1165 728 1201 characterum
757 1165 1001 1213 positionem,
1038 1177 1114 1202 non
1145 1164 1261 1202 etiam
1293 1165 1342 1200 ad
1373 1166 1484 1201 notas
1509 1165 1844 1214 interpretationis,

273 1230 387 1265 quam
423 1219 550 1266 legere
582 1220 623 1255 vt
657 1219 906 1267 laboriosum,
943 1219 1000 1256 ita
1036 1219 1148 1256 nimis
1185 1220 1312 1255 essent
1348 1219 1507 1255 editioni
1543 1219 1695 1265 ingrata
1730 1231 1844 1257 morae

274 1272 483 1319 dispendia.
523 1272 645 1316 Quare
663 1274 706 1309 vt
729 1272 770 1308 in
795 1284 990 1309 commune
1009 1273 1253 1319 consulerem,
1281 1272 1411 1308 curaui
1428 1272 1538 1309 initio
1558 1283 1604 1308 ea
1623 1273 1673 1308 ad
1691 1283 1846 1310 manum

274 1337 373 1372 esse,
407 1326 448 1362 in
473 1326 610 1371 quibus
641 1326 849 1372 praesertim
880 1326 920 1362 in
950 1327 1027 1362 iam
1057 1326 1169 1363 dictis
1200 1325 1308 1361 libris
1335 1325 1502 1362 Odarum
1527 1327 1551 1362 a
1573 1325 1741 1372 vulgatis
1766 1325 1845 1363 edi-

273 1379 440 1416 tionibus
465 1380 582 1426 prope
608 1379 863 1417 dissentimus.
899 1380 1033 1426 Itaque
1058 1381 1206 1417 nostros
1230 1379 1380 1416 labores
1404 1378 1496 1416 boni
1520 1379 1672 1416 consule
1697 1379 1728 1416 8⁶
1746 1379 1843 1418 vale.

406 1710 453 1761 Q.
479 1709 726 1753 HORATII
757 1709 965 1753 FLACCI
997 1708 1248 1753 ODARVM
1278 1708 1456 1752 LIBER
1485 1708 1717 1753 PRIMVS.

370 1805 390 1839 I
417 1804 456 1851 1,
472 1807 503 1840 7.
530 1816 566 1849 p.
582 1803 634 1840 3b.
685 1804 800 1840 Hune
824 1806 858 1841 si
881 1805 1079 1841 mobilium.
1124 1803 1177 1838 sic
1209 1802 1352 1839 habent
1375 1807 1408 1839 4.
1451 1803 1532 1839 cod.
1557 1801 1762 1848 Blandinij.
1787 1813 1844 1838 re-

273 1856 379 1903 liqui,
404 1856 599 1894 nobilium.
651 1858 716 1893 sed
742 1857 846 1892 aliud
871 1856 966 1892 mihi
990 1857 1117 1903 placet
1140 1855 1274 1901 magis,
1302 1883 1309 1892 .
1331 1883 1339 1891 .
1362 1882 1371 1891 .

370 1913 426 1945 13.
451 1922 487 1955 p.
508 1914 560 1946 4³.
599 1911 795 1947 dimoueas.
838 1911 1050 1955 demoueas,
1077 1909 1171 1955 legit
1195 1908 1416 1954 Lambinus3
1444 1909 1544 1954 quod
1569 1909 1600 1944 ἃ
1619 1908 1652 1944 si
1675 1919 1751 1944 non
1774 1907 1844 1944 im-

275 1963 441 2009 probem,
456 1964 583 1998 tamen
596 1973 704 1998 seruo
725 1962 921 2007 antiquam
939 1962 1152 2008 lectionem,
1165 1963 1247 1998 tum
1265 1963 1418 2008 propter
1437 1973 1659 1998 consensum
1678 1961 1845 1998 omnium

275 2015 475 2065 co-ldicum
501 2015 735 2061 scriptorum,
761 2016 843 2050 tum
869 2016 970 2061 quod
994 2026 1128 2061 parum
1152 2015 1334 2051 interesse
1360 2015 1520 2052 videam.

371 2073 427 2105 33.
453 2082 489 2115 p.
505 2072 556 2104 5²².
605 2080 670 2105 nee
694 2069 953 2116 Polyhymnia.
1005 2068 1058 2105 sic
1083 2069 1226 2104 habent
1250 2069 1331 2105 cod.
1356 2069 1490 2106 Bland.
1531 2069 1798 2107 vetustissimi:

371 2125 428 2158 35.
453 2134 489 2167 p.
505 2120 558 2158 5¹³.
607 2123 760 2158 Insere-5.
812 2121 866 2158 sic
890 2122 1009 2158 habet
1034 2123 1107 2158 duo
1133 2122 1266 2159 Bland.
1294 2122 1325 2158 ὅτ
1350 2123 1430 2159 cod.
1451 2122 1552 2160 Oarr.

371 2177 392 2210 I
417 2175 457 2221 2,
473 2179 528 2211 31.
555 2187 591 2221 p.
606 2175 658 2211 91³.
709 2175 902 2211 cadenteis
933 2175 1077 2211 habent
1108 2187 1235 2211 omnes
1248 2176 1274 2222 ¹)
1307 2175 1438 2221 scripti
1470 2177 1549 2213 cod.
1577 2178 1655 2222 atq.
1679 2175 1737 2213 ita
1765 2178 1846 2213 esto

277 2228 485 2275 synchusis.
536 2228 602 2303 aiij
628 2228 781 2303 {ula-{Mn
793 2228 962 2275 10²)lunt
986 2228 1111 2275 legere
1137 2229 1327 2275 candenti,
1354 2229 1454 2275 quod
1478 2241 1554 2266 non
1579 2230 1738 2267 damno.

587 2285 630 2303 un
676 2285 705 2304 θ-

371 2315 428 2348 46,
454 2324 490 2357 p.
514 2311 589 2348 lob.
643 2312 804 2358 Quirini.
856 2312 935 2348 cod.
964 2312 1102 2358 Carr.²)
1126 2313 1243 2348 habet
1267 2312 1467 2360 Quiri-luo,
1499 2313 1567 2349 sed
1591 2325 1631 2360 o,
1661 2315 1847 2351 mutatam

277 2365 342 2411 ini,
367 2365 513 2400 indicat
538 2365 569 2400 85
595 2365 890 2413 superseri-{ptio
915 2366 956 2402 τὸ
982 2366 1163 2412 Romano,
1191 2366 1221 2402 &
1246 2368 1380 2412 aperta
1403 2366 1528 2403 litura.

373 2420 392 2454 Ι
419 2418 457 2465 3,
475 2422 529 2454 16.
555 2431 591 2464 p.
608 2416 683 2455 13¹2.
732 2420 839 2463 freta.
878 2419 958 2455 cod.
979 2419 1080 2456 Carr.
1104 2420 1222 2455 habet
1244 2420 1392 2454 fretum.

374 2476 430 2509 19.
467 2473 665 2519 twryidum.
705 2472 838 2508 Bland.
860 2473 939 2509 cod.
961 2483 1088 2508 omnes
1113 2472 1257 2509 habent
1280 2472 1484 2518 turbidum,
1511 2477 1556 2508 οῑι
1575 2473 1685 2510 Mart.
1701 2473 1845 2512 &Cana

276 2526 376 2570 quod
401 2525 496 2560 mihi
519 2525 670 2561 videtur
694 2525 832 2571 aptius,

376 2583 432 2615 36.
458 2577 587 2624 p.14b.
626 2578 714 2615 Cod.
734 2578 867 2614 Bland.
888 2579 981 2616 Mar.
1002 2579 1102 2615 Carr.
1122 2579 1184 2615 hic
1209 2579 1361 2625 habent,
1387 2578 1558 2625 perrupit
1567 2579 1596 2625 ⁸)
1620 2579 1847 2629 Acheronta,

278 2631 358 2668 sine
383 2632 518 2677 copula
543 2643 626 2676 que.

375 2689 430 2721 37.
469 2690 502 2720 4.
526 2685 657 2721 Bland.
683 2685 835 2732 habent,
861 2686 916 2721 nil
940 2687 1049 2722 mort.
1076 2685 1184 2721 ardui
1209 2686 1276 2721 est.

376 2853 411 2896 1)
438 2837 615 2886 caffdentes
640 2852 716 2888 cod.
740 2851 842 2888 Uarr.
864 2870 907 2882 =
926 2852 1078 2888 Diwaei.
1188 2853 1223 2897 2)
1249 2851 1385 2896 quirini
1411 2853 1486 2889 eod.
1517 2851 1619 2889 Gwrr.
1645 2856 1731 2890 ante
1755 2865 1846 2891 corr.

280 2897 417 2943 quirinj
444 2899 520 2934 cod.
549 2897 651 2935 Garr.
673 2910 714 2944 p.
741 2911 832 2936 corr.
930 2901 966 2945 3)
990 2898 1161 2945 prerupit
1185 2900 1261 2935 cod.
1286 2899 1387 2936 Uarr.
