2008 3230
806 148 1092 185 PRAEFATIO.
1659 151 1740 187 LIII

159 277 232 315 pro
264 266 388 303 uertis
423 265 566 303 minas.
617 275 730 302 serm.
756 262 777 301 I
804 264 842 315 3,
871 264 926 302 92
965 266 1054 302 aute
1092 275 1153 302 me
1192 276 1265 313 pro
1304 266 1394 302 aute
1429 275 1527 303 mea.
1579 264 1695 314 epist.
1722 265 1743 302 I

160 325 228 376 18,
255 325 310 363 45
344 319 593 372 quotiensque
622 324 727 362 ducii
757 336 829 373 pro
862 324 1110 372 quotiensque
1140 323 1277 362 &ducit

275 383 392 423 Hanc
421 396 548 434 paene
579 383 815 422 immensam
847 382 1087 422 stolidorum
1117 383 1353 422 mendorum
1392 383 1535 422 seriem
1566 384 1741 423 contem-

156 444 272 495 plans
303 443 462 482 miraris
492 444 680 495 fortasse,
712 455 784 482 cur
814 443 899 481 tam
931 443 1202 493 deprauatum
1234 443 1417 483 codicum
1450 443 1631 483 ordinem
1663 456 1744 483 non

155 515 320 555 prorsus
350 502 686 554 praeterierimus.
747 502 805 541 At
844 502 951 542 inter
991 515 1127 542 omnes
1169 503 1280 542 uiros
1312 503 1468 555 doctos,
1508 503 1580 554 qui
1611 515 1741 554 usque

155 564 208 603 ad
236 563 342 602 hunc
375 563 490 602 diem-
511 564 754 614 apparatum
791 563 976 602 nostrum
1013 564 1313 615 excerpserunt,
1351 577 1400 602 ne
1440 575 1547 602 unus
1580 563 1743 614 quidem

155 623 322 664 tertium
349 622 527 662 ordinem
553 623 715 662 omnino
741 622 925 662 omittere
958 635 1082 662 ausus
1114 624 1186 674 est,
1218 636 1290 662 nec
1323 623 1422 662 Gow
1453 636 1526 662 nec
1553 623 1741 673 Spontini

155 695 227 723 nec
258 682 433 722 Wilkins
464 695 536 722 nec
567 682 650 723 alii.
714 681 969 733 Quamquam
1001 682 1119 733 enim,
1152 682 1186 720 si
1217 695 1307 721 cum
1331 683 1462 733 primo
1495 684 1536 722 et
1567 683 1741 722 secundo

156 743 294 783 ordine
334 756 427 782 eum
470 755 766 794 comparamus,
813 742 1096 781 mendosarum
1136 742 1358 782 lectionum
1404 743 1523 794 longe
1566 742 1741 782 maximo

157 803 342 843 foedatus
374 805 434 842 est
465 815 649 854 numero,
687 804 823 842 tamen
854 802 964 841 haud
1001 814 1154 852 paruus
1193 803 1255 841 est
1286 816 1424 841 eorum
1456 803 1636 842 locorum
1667 815 1740 841 nu-

155 875 307 915 merus,
354 863 426 901 ubi
467 862 542 901 hoc
579 862 714 913 ipsum
750 862 946 902 librorum
983 875 1111 914 genus
1149 875 1288 901 ueram
1335 862 1483 902 Horati
1526 862 1741 902 lectionem

155 923 348 975 seruauit,
380 923 534 973 primus
566 924 703 962 autem
741 922 837 962 ordo
869 924 910 961 et
941 922 1139 962 secundus
1171 934 1244 961 nos
1274 922 1444 974 fallunt,
1483 922 1575 962 uide
1607 922 1649 961 in
1682 922 1739 961 di—

154 982 369 1033 scriptione
390 982 581 1022 classium
600 995 719 1022 carm.
745 982 824 1033 1-7,
848 983 914 1022 27.
937 984 1006 1034 32,
1036 985 1072 1021 1.
1095 983 1162 1034 35,
1193 984 1258 1021 17.
1279 982 1320 1020 II
1343 985 1408 1034 11,
1432 984 1499 1021 24.
1519 982 1582 1021 ΙΠ
1612 985 1648 1034 1,
1669 983 1738 1021 44.

155 1044 192 1094 2,
215 1044 280 1081 22.
310 1043 378 1094 15,
407 1045 443 1081 8.
474 1044 541 1093 24,
567 1044 606 1081 4.
634 1045 700 1093 25,
731 1044 795 1081 17.
825 1044 893 1093 27,
921 1043 990 1082 55.
1042 1043 1154 1092 epod.
1184 1043 1221 1093 9,
1246 1044 1266 1080 1
1291 1042 1340 1080 al.
1391 1037 1582 1093 Inprimis
1615 1042 1740 1081 etiam

151 1102 282 1141 multa
296 1101 505 1152 eiusmodi,
527 1114 633 1152 quae
647 1102 699 1140 ad
713 1102 1043 1153 orthographiam
1057 1116 1093 1152 q.
1108 1115 1147 1142 u.
1163 1101 1350 1154 attinent,
1372 1115 1500 1153 eaque
1515 1101 1739 1141 certissima

153 1161 249 1201 solis
280 1161 394 1201 tertii
419 1161 570 1200 ordinis
595 1161 799 1200 codicibus
826 1163 987 1200 seruata
1013 1163 1120 1213 sunt,
1151 1162 1201 1200 ut
1231 1174 1349 1200 carm.
1377 1161 1398 1200 I
1426 1163 1463 1213 2,
1494 1163 1547 1200 13
1580 1163 1739 1210 flauam.

154 1223 191 1273 2,
220 1223 274 1260 26
306 1222 455 1270 imperi.
497 1223 553 1261 40
590 1222 720 1260 uoltus
757 1221 803 1267 (F
829 1215 971 1274 solus).
1029 1223 1067 1273 9,
1103 1223 1155 1260 21
1191 1222 1350 1260 intumo.
1392 1223 1460 1273 27,
1489 1222 1512 1260 5
1547 1223 1736 1260 acinaces.

153 1281 195 1320 II
224 1283 290 1332 11,
319 1283 370 1320 11
399 1282 518 1320 uoltu.
553 1282 620 1332 13,
648 1282 703 1320 32
735 1282 885 1330 uolyus.
927 1283 993 1332 16,
1020 1282 1078 1320 40
1102 1282 1254 1330 uolyus.
1292 1280 1354 1320 III
1380 1283 1419 1333 3,
1447 1283 1471 1320 3
1499 1282 1639 1320 uoltus.
1697 1283 1736 1332 4,

155 1343 209 1381 59
237 1342 439 1380 ualeamus.
478 1342 516 1391 5,
542 1342 598 1379 44
624 1341 781 1380 uoluam.
823 1342 890 1392 22,
920 1343 942 1380 7
976 1341 1178 1390 obliquam.
1214 1342 1281 1392 25,
1311 1343 1366 1380 14
1403 1342 1613 1386 naiadum,
1656 1354 1736 1380 non

151 1402 328 1440 naidum.
359 1400 444 1439 IIII
471 1402 508 1452 5,
531 1402 554 1439 6
575 1401 715 1440 uoltus.
750 1403 787 1450 9,
809 1402 864 1440 43
890 1401 1009 1440 uoltu.
1043 1413 1156 1440 serm.
1177 1400 1198 1439 I
1219 1403 1256 1452 5,
1279 1402 1333 1441 45
1348 1413 1558 1450 proxuma.
1614 1402 1650 1452 9,
1679 1402 1735 1440 54

143 1473 377 1510 proxumus.
430 1462 497 1512 10,
522 1462 573 1499 19
602 1461 764 1500 caluom.
809 1462 863 1499 51
892 1472 1045 1509 quaeso.
1091 1461 1190 1500 item
1223 1473 1252 1500 s.
1277 1460 1318 1498 ΙΙ
1346 1462 1384 1513 3,
1413 1462 1509 1499 183.
1555 1473 1670 1501 serm.
1696 1460 1738 1499 ΙΙ

153 1523 191 1572 6,
213 1522 267 1560 33
295 1523 492 1559 uentumst
523 1516 602 1572 (1⁴¹1
631 1513 771 1573 solus).
798 1520 912 1570 epist.
935 1520 951 1557 Ι
981 1522 1018 1572 6,
1040 1523 1094 1560 39
1121 1522 1355 1569 mancupiis.
1407 1521 1524 1572 epist.
1550 1521 1570 1559 I
1593 1522 1659 1572 15,
1680 1522 1734 1559 41

150 1582 281 1619 uolua.
323 1580 438 1630 epist.
465 1580 485 1618 I
511 1582 574 1631 18,
597 1581 650 1618 28
671 1580 762 1619 uolt.
804 1579 920 1630 epist.
939 1580 959 1618 I
983 1582 1048 1632 18,
1071 1582 1124 1620 29
1139 1581 1326 1630 paruola.
1359 1593 1394 1619 a.
1414 1594 1453 1631 p.
1478 1582 1560 1621 187
1575 1593 1735 1629 procue.

150 1653 184 1680 a.
204 1655 243 1691 p.
267 1642 349 1680 197
383 1641 561 1679 timentis.
607 1652 641 1679 a.
668 1653 704 1689 p.
734 1640 818 1679 348
845 1640 935 1678 uolt.
981 1652 1016 1680 a.
1042 1654 1080 1691 p.
1108 1641 1192 1680 447
1227 1643 1467 1680 transuerso.

270 1711 418 1751 Omnes
447 1711 491 1749 hi
521 1711 600 1750 loci
626 1710 822 1750 eiusmodi
848 1712 954 1762 sunt,
986 1713 1035 1750 ut
1071 1712 1119 1751 de
1144 1711 1364 1751 lectionum
1396 1713 1480 1752 solo
1506 1712 1570 1751 HI
1600 1712 1738 1752 ordine

148 1771 392 1811 traditarum
422 1771 597 1810 ueritate
623 1771 694 1809 uix
718 1771 847 1821 possit
872 1771 1061 1811 dubitari.
1093 1772 1307 1811 Praeterea
1337 1785 1435 1811 uero
1468 1774 1580 1811 extat
1611 1776 1733 1822 quae-

150 1831 243 1871 dam
267 1831 584 1871 Horatianorum
616 1831 838 1870 carminum
866 1843 971 1882 parS,
1003 1831 1075 1870 ubi
1101 1832 1151 1870 ad
1183 1833 1416 1871 contextum
1441 1832 1737 1871 restituendum

151 1891 263 1930 tertii
295 1891 445 1930 ordinis
482 1890 668 1941 propriae
706 1891 898 1930 lectiones
935 1891 1100 1930 maximi
1131 1892 1325 1930 momenti
1357 1893 1469 1943 sunt,
1508 1892 1582 1931 sub
1614 1891 1731 1931 finem

151 1952 319 2002 inquam
339 1963 579 2002 sermonum,
598 1951 669 1989 ubi
689 1951 935 2001 optimorum
960 1951 1144 1990 codicum
1161 1964 1334 2002 magnus
1354 1965 1545 1991 numerus
1572 1952 1734 1991 omnino

150 2025 231 2051 non
257 2012 386 2050 extat:
419 2023 533 2050 serm.
559 2011 599 2049 II
628 2013 665 2062 7,
693 2012 746 2050 97
775 2011 807 2049 F
833 2011 943 2050 solus
976 2023 1066 2050 cum
1100 2025 1128 2062 g
1159 2013 1199 2050 et
1224 2011 1323 2061 Pph.
1342 2013 1584 2060 pacideiaui,
1616 2011 1734 2050 unice

150 2084 291 2110 ueram
316 2071 541 2121 lectionem,
574 2070 745 2116 exhibet,
779 2084 859 2110 non
876 2071 1141 2119 placiduani:
1167 2071 1358 2110 deficiunt
1383 2071 1538 2111 codices
1564 2065 1732 2125 BC(B')

149 2126 486 2184 Aa(A‘)DRw5'
507 2130 588 2170 alii.
639 2130 717 2170 Hic
741 2144 876 2170 rerum
903 2133 1034 2169 status
1052 2131 1135 2170 iam
1155 2144 1179 2170 a
1206 2144 1234 2170 s.
1255 2131 1295 2170 II
1317 2133 1340 2170 3
1362 2131 1538 2182 incipere
1557 2131 1732 2171 uidetur.

148 2204 262 2230 serm.
288 2191 329 2229 II
357 2192 394 2241 3,
426 2195 444 2228 1
475 2187 552 2229 Fi'
582 2192 689 2230 recte
720 2190 871 2229 habent
901 2192 1057 2236 scribis,
1091 2204 1170 2230 non
1202 2192 1367 2238 scribes;
1399 2204 1513 2231 serm.
1540 2191 1582 2230 II
1608 2193 1646 2243 3,
1676 2191 1729 2230 28

150 2252 289 2289 emouit
312 2246 404 2301 FF,
430 2263 510 2289 non
537 2253 571 2289 et
599 2252 740 2301 mouit,
767 2262 880 2289 serm.
906 2250 948 2288 H
975 2252 1013 2302 3,
1041 2252 1097 2290 50
1122 2252 1277 2299 utrique
1301 2247 1393 2302 Fa‘,
1424 2265 1505 2291 non
1536 2252 1734 2300 utrisque;

147 2323 262 2349 serm.
288 2310 328 2348 II
356 2312 394 2353 3,
425 2311 507 2348 114
545 2313 727 2349 uescatur
757 2307 846 2360 Fi',
883 2322 963 2349 non
1000 2313 1168 2349 uexatur
1203 2311 1271 2349 uel
1302 2314 1512 2363 pascatur,
1547 2323 1662 2350 serm.
1690 2311 1731 2349 II

150 2371 187 2421 3,
216 2371 300 2408 140
339 2371 522 2414 electrum,
560 2382 640 2409 non
679 2370 878 2416 electram;
910 2382 1024 2408 serm.
1056 2370 1097 2408 II
1130 2372 1168 2421 3,
1199 2372 1280 2409 183
1322 2374 1357 2410 et
1391 2367 1483 2423 Fss,
1520 2384 1602 2410 non
1641 2374 1733 2418 aut,-

147 2442 261 2468 serm.
293 2429 334 2467 II
366 2431 405 2481 3,
438 2430 522 2469 235
564 2431 693 2469 uerris
732 2430 903 2469 fortasse
943 2442 1087 2469 uerum
1123 2429 1206 2468 Fal
1236 2443 1321 2469 uar.
1340 2430 1439 2483 bvj,
1478 2443 1559 2470 non
1595 2431 1733 2477 uelh'&

147 2502 260 2528 serm.
286 2489 327 2527 II
354 2491 392 2540 3,
420 2491 502 2529 291
542 2501 658 2528 mane
694 2485 803 2529 Fi'v
834 2489 946 2542 Pph.,
977 2503 1058 2529 non
1094 2502 1256 2539 mayne;
1299 2503 1413 2530 serm.
1447 2490 1488 2529 Π
1514 2492 1553 2542 4,
1582 2492 1636 2530 18
1668 2502 1727 2529 re-

146 2552 302 2598 sponset
330 2549 440 2601 Fiv,
479 2562 559 2588 non
590 2552 795 2598 responsat
823 2550 891 2588 uel
921 2551 1146 2599 respondet,-
1177 2562 1290 2589 serm.
1316 2550 1358 2589 II
1385 2552 1424 2602 8,
1449 2552 1476 2589 4
1509 2551 1563 2590 da
1596 2550 1731 2601 Flzv,

148 2622 228 2648 non
259 2609 332 2654 die,
365 2609 457 2649 alia.

264 2668 410 2719 Itaque
447 2682 527 2708 non
569 2669 784 2708 admodum
820 2669 922 2708 raris
962 2669 1060 2708 locis
1092 2670 1201 2709 solus
1241 2682 1386 2708 uerum
1427 2668 1587 2708 exhibet
1633 2668 1729 2707 ordo

147 2727 312 2778 tertius,
350 2729 419 2767 sed
456 2729 585 2767 multo
618 2729 834 2768 crebriores
873 2730 968 2767 sunt
999 2729 1031 2767 ii
1060 2729 1156 2780 loci,
1193 2728 1265 2766 ubi
1295 2729 1404 2780 inde,
1443 2728 1552 2778 quod
1583 2727 1729 2767 tertius

148 2787 244 2826 ordo
271 2789 344 2825 aut
369 2800 470 2826 cum‘
485 2788 614 2838 primo
641 2790 714 2827 aut
733 2801 825 2827 cum
845 2788 1017 2827 secundo
1044 2787 1254 2839 consentit,
1279 2788 1386 2827 inter
1410 2787 1511 2827 duas
1537 2788 1728 2827 lectiones

149 2847 393 2886 dinoscimus
423 2847 634 2899 ueriorem,
666 2848 759 2887 uide
793 2847 1094 2898 discriptionem
1126 2847 1327 2887 classium.

267 2906 481 2945 Hominem
511 2907 628 2946 illum
660 2907 842 2959 doctum,
881 2907 952 2958 qui
982 2907 1065 2946 iam
1096 2908 1189 2946 ante
1221 2907 1400 2947 medium
1430 2919 1578 2946 aeuum
1610 2908 1728 2958 quasi

148 2968 289 3007 auctor
321 2966 435 3005 tertii
466 2966 614 3006 ordinis
648 2967 800 3019 extitit,
839 2967 1100 3018 antiquarum
1130 2967 1352 3007 formarum
1382 2967 1507 3007 fuisse
1544 2967 1726 3007 videmus
