2002 3224
817 123 906 159 ΜΒ.
926 123 954 159 Ι.
984 126 1123 158 13-14
1699 119 1754 161 41

892 284 1049 332 XIIII.

523 381 555 420 Ο
587 382 722 434 nauis,
754 382 932 421 referent
964 382 1006 420 in
1037 393 1147 420 mare
1179 384 1218 419 te
1252 380 1348 419 noui

523 455 678 494 fluctus.
730 466 752 493 o
785 454 880 506 quid
914 450 1028 506 agis?
1078 453 1236 492 fortiter
1268 464 1417 504 occupa

584 530 756 579 portum.
807 538 939 565 nonne
972 526 1087 565 uides
1119 530 1164 564 ut

645 598 797 638 nudum
830 599 997 650 remigio
1030 597 1150 651 latus,

523 675 563 710 et
594 669 721 710 malus
755 670 877 711 celeri
910 671 1070 710 saucius
1102 669 1234 717 Africo
1739 674 1759 707 5

298 824 312 858 I
341 827 395 859 14.
448 821 799 870 1--3‘622722109612
825 834 939 868 quam
958 821 1213 858 inuersionem
1233 821 1543 867 interpretantur,
1565 821 1633 856 aut
1653 818 1759 856 aliud

177 871 322 916 uerbis,
356 870 461 907 aliud
493 882 604 907 sensu
637 871 822 916 ostendit,
855 873 922 907 aut
953 870 1070 907 etiam
1095 870 1249 906 interim
1275 869 1516 906 contrarium.
1567 867 1672 915 prius
1698 869 1758 904 ut:

181 921 218 955 ‘o
243 918 355 955 nauis
380 919 603 955 referent—
617 920 783 965 portum’
812 921 991 965 totusque
1017 919 1083 955 ille
1108 918 1259 955 Horatii
1284 919 1402 964 locus,
1428 929 1501 963 quo
1527 927 1665 952 nauem
1691 927 1760 962 pro

177 966 390 1013 republica,
423 967 557 1004 fluctus
590 970 628 1003 et
659 969 906 1013 tempestates
937 979 1005 1014 pro
1031 967 1142 1003 bellis
1169 967 1364 1012 ciuilibus,
1396 967 1548 1012 portum
1574 977 1641 1011 pro
1667 976 1762 1011 pace

177 1017 293 1060 atque
332 1015 533 1051 concordia
571 1015 678 1051 dicit'
721 1015 878 1059 Quintil.
898 1015 985 1051 inst
1006 1015 1093 1051 VIII
1120 1020 1152 1061 6,
1173 1019 1220 1075 44
1367 1014 1387 1050 1
1406 1026 1487 1060 sqq.
1522 1014 1565 1051 S·
1598 1012 1761 1048 Alcaeus

179 1063 223 1099 fr.
247 1063 364 1099 18Β.·
404 1063 610 1123 ἀσυνέτημι
634 1070 708 1100 τῶν
735 1064 886 1109 ἀνέμων
919 1063 1064 1124 στάσιν·
1097 1064 1138 1099 τὸ
1171 1063 1240 1110 μὲν
1269 1063 1340 1110 γὰρ
1368 1061 1484 1098 ἐνθεν
1511 1068 1611 1108 κῦμα
1637 1062 1762 1097 κυλίν-

177 1113 301 1156 δεται,
333 1111 374 1147 τὸ
406 1110 444 1147 δ’
475 1110 606 1147 ε’·νθεν
641 1112 759 1158 ἄμμες
790 1111 827 1147 δ’
857 1113 905 1148 ἀν
936 1112 978 1148 τὸ
1008 1112 1144 1158 μέσσον
1170 1118 1235 1147 νᾶι
1261 1111 1468 1172 φορήμεθα
1494 1111 1562 1146 σὺν
1589 1111 1761 1170 μελαίνᾳ,

177 1161 330 1206 χείμωνι
362 1162 594 1206 μοχθεῢντες
625 1159 770 1208 μεγάλῳ
803 1160 918 1207 μάλα·
958 1173 1028 1205 περ
1068 1160 1136 1207 μὲν
1169 1160 1240 1206 γὰρ
1273 1160 1406 1200 ἄντλος
1438 1157 1641 1195 ἰστοπέδαν
1674 1157 1763 1218 ἔχει’,

178 1211 313 1253 λαῖφος
345 1207 386 1244 δὲ
419 1207 497 1244 πὰν
530 1208 691 1254 ζάδηλον
723 1208 795 1254 ἤδη
828 1208 894 1244 καὶ
925 1208 1077 1249 λάκιδες
1108 1207 1267 1254 μεγάλαι
1293 1206 1376 1243 κατ’
1400 1204 1508 1243 αὖτο·
1549 1206 1695 1253 χόλαισι
1721 1205 1759 1242 δ’

179 1256 355 1302 ἄγκοιναι
391 1257 404 1303 ΙΙ
440 1255 511 1291 Dio
539 1256 639 1292 Cass.
660 1256 725 1291 LII
752 1260 808 1302 16,
830 1260 940 1301 3sq.:
978 1256 1000 1301 ἡ
1034 1255 1141 1297 πόλις
1171 1256 1288 1302 ἡμῶν,
1322 1255 1444 1301 ὥσπερ
1477 1254 1590 1296 ὁλκὰς
1622 1253 1761 1315 μεγάλη

178 1304 243 1340 καὶ
272 1303 416 1350 πλήρης
448 1303 558 1350 ὄχλου
590 1306 856 1349 παντοδαποῦ,
890 1305 1000 1351 χωρὶς
1032 1304 1264 1365 κυβερνήτου
1296 1303 1435 1363 πολλὰς
1460 1303 1533 1349 ἤδη
1560 1302 1693 1361 γενεὰς
1720 1300 1760 1338 ἐν

177 1352 341 1388 κλύδωνι
373 1354 495 1400 πολλῷ
510 1352 736 1414 φερομένη,
772 1353 920 1389 σαλεύει
951 1366 990 1388 τε
1017 1352 1082 1388 καὶ
1108 1351 1212 1403 ᾄττει
1237 1354 1350 1398 δεῦρο
1376 1351 1546 1396 κάκεισε,
1579 1350 1760 1395 καθάπερ

179 1399 446 1445 ἀνερμάτιστος
482 1398 586 1437 οὖσα.
626 1400 710 1447 μήτ’
735 1399 803 1437 οὗν
835 1390 1120 1461 χειμαζομένην
1140 1399 1193 1437 ἐ”τ
1217 1400 1337 1461 αὐτὴν
1360 1401 1551 1447 περιίδῃς,
1578 1399 1669 1460 ὁρᾷς
1688 1398 1760 1460 γὰρ

178 1449 227 1490 ὡς
252 1447 483 1494 ὑπέραντλός
510 1445 602 1485 ἐστι·
630 1448 721 1495 μήτε
747 1449 834 1495 περὶ
861 1448 954 1496 ἕρμα
979 1454 1256 1496 περιρραγῆναι
1283 1446 1414 1496 ἐάσῃς·
1444 1447 1572 1494 σαθρὰ
1592 1448 1665 1494 γάρ
1687 1445 1764 1484 ἐστι

180 1496 244 1532 καὶ
271 1495 410 1532 οὐδένα
439 1510 492 1532 ετι
518 1497 654 1543 χρόνον
681 1498 871 1543 ἀντισχειν
899 1497 1102 1542 δυνήσεται
1200 1498 1221 1533 1
1239 1509 1293 1542 sq.
1322 1498 1420 1533 ‘o—
1434 1496 1584 1532 fluctus'
1612 1498 1655 1533 T:
1687 1496 1763 1531 sch.

181 1545 275 1581 Stat.
297 1544 365 1580 Th.
385 1545 400 1580 I
430 1548 497 1580 193
597 1546 618 1581 1
646 1547 688 1582 T:
715 1545 855 1583 Victor
877 1546 923 1581 de
943 1558 992 1582 m.
1011 1545 1145 1591 Hor.p
1180 1549 1248 1581 174
1298 1545 1419 1582 Diom.
1441 1557 1478 1591 p.
1499 1549 1566 1580 521
1667 1544 1691 1580 3
1719 1545 1762 1581 S:

180 1593 288 1630 Hom.
323 1593 391 1639 οὐχ
423 1592 540 1642 ὁράας
564 1594 607 1630 Il.
628 1594 698 1629 VII
722 1597 792 1630 448
819 1596 858 1629 et
885 1593 978 1629 alibi
1009 1596 1021 1639 ΙΙ
1051 1593 1162 1630 Prud.
1190 1595 1317 1640 apoth.
1344 1598 1414 1630 479
1448 1595 1487 1630 et
1511 1593 1641 1639 psych.
1675 1596 1762 1629 617:

182 1651 305 1676 nonne
331 1641 438 1676 uides
465 1643 507 1677 ut
604 1641 723 1687 4sqq.
752 1642 795 1679 S:
823 1641 1018 1678 Claudian.
1047 1642 1094 1677 de
1120 1643 1226 1677 sexto
1253 1642 1395 1678 consul.
1415 1642 1554 1678 Honor.
1578 1645 1646 1677 132
1662 1653 1761 1686 sqq:

182 1688 307 1734 qualis
333 1688 497 1735 piratica
522 1689 717 1736 puppis.
759 1689 924 1727 .incidit
948 1689 988 1724 in
1013 1701 1193 1735 magnam
1217 1689 1531 1744 bellatricemque
1556 1689 1760 1734 triremem,

181 1737 271 1772 dum
295 1737 479 1782 praedam
505 1738 551 1773 de
577 1749 680 1773 more
705 1719 819 1784 putat
838 1738 902 1785 (al.
922 1739 1066 1785 parat),
1092 1737 1369 1783 uiduataque
1396 1737 1516 1774 caesis
1542 1737 1762 1783 remigibus,

180 1783 307 1821 scissis
352 1784 523 1820 uelorum
566 1786 704 1822 debilis
749 1786 837 1832 alis,
883 1786 975 1821 orba
1019 1786 1279 1832 gubernaclis,
1327 1785 1556 1822 antemnis
1603 1785 1764 1821 saucia

178 1832 345 1869 fractis
372 1833 627 1870 ludibrium
653 1834 814 1881 pelagi
839 1835 976 1870 uento
1003 1833 1240 1869 iaculatur
1266 1836 1305 1870 et
1330 1835 1432 1870 unda
1506 1833 1530 1869 4
1550 1835 1593 1870 T:
1619 1833 1764 1869 Victor.

181 1881 228 1916 de
253 1893 302 1918 m.
323 1882 410 1918 Hor.
430 1893 466 1927 p.
491 1886 558 1918 176
658 1883 680 1919 5
707 1884 750 1919 T:
778 1883 879 1919 Seru.
902 1882 951 1917 ad
971 1882 1063 1919 Aen.
1083 1883 1117 1918 V
1143 1886 1212 1918 487
1289 1883 1331 1920 S:
1359 1882 1439 1919 Liu.
1462 1882 1637 1918 XXXVII
1659 1885 1763 1928 24‚:

300 2028 335 2061 ,Ω
355 2044 400 2056 --
420 2026 1065 2074 ΑΒΟΒἘ(φψ)Εγδλ’<λῖ)παα]

178 2087 249 2123 sch.
266 2089 284 2122 λ
298 2099 381 2123 uar.
407 2087 477 2123 sch.
494 2100 522 2132 φ
536 2099 618 2123 uar.
693 2086 872 2123 Diuolsus
902 2088 967 2133 Fy
976 2087 1084 2123 ὃ1λ’π
1098 2089 1130 2133 ()
1170 2087 1349 2123 Diuulsus
1370 2093 1448 2125 cett.
1476 2087 1651 2123 Diuolsos
1673 2087 1764 2124 Mu-

179 2144 279 2176 retus
350 2139 602 2185 queremoniis
629 2143 664 2176 λ1
675 2148 762 2186 φψ2
788 2140 1065 2185 quaeremoniis
1091 2143 1167 2178 R1l
1192 2141 1396 2188 qremoniis
1423 2153 1468 2178 ns
1498 2140 1713 2177 cerimoniis
1727 2142 1765 2177 B

180 2192 424 2238 querimoniis
443 2198 522 2230 cett.
538 2195 642 2239 ὃ2ψ1,
667 2195 752 2230 item
770 2194 822 2239 D,
847 2195 910 2230 secl
934 2194 967 2229 ri
992 2196 1037 2231 ab
1064 2198 1183 2233 altera
1207 2209 1322 2233 manu
1348 2198 1389 2233 in
1414 2191 1551 2233 rasura
1570 2207 1641 2233 esse
1661 2197 1764 2232 uide-

179 2252 242 2284 tur
352 2247 402 2284 20
430 2248 598 2294 Suppma
621 2260 648 2284 u
722 2247 838 2284 cicius
864 2250 904 2284 D
979 2249 1095 2286 soluit
1120 2265 1140 2296 γ

300 2313 316 2348 I
344 2317 399 2350 14.
459 2313 526 2348 AD
552 2313 908 2350 REMPVBLICAM
933 2315 1249 2352 TETRACOLOS
1275 2317 1358 2352 AB
1410 2316 1462 2352 IN
1488 2318 1561 2362 (hic
1586 2317 1687 2353 omis.
1712 2317 1763 2361 R)

179 2367 340 2402 NAVIM
367 2367 558 2413 (NAVEM
575 2368 611 2412 Ο,
627 2369 726 2404 omz'S.
741 2368 793 2414 R)
812 2368 876 2403 DE
896 2368 1061 2405 BRVTO
1082 2369 1382 2405 REPARANTE
1402 2370 1722 2419 (REPARANTJJJ
1741 2383 1765 2406 a

178 2427 516 2475 REPARENTEM
538 2428 575 2464 R
607 2427 904 2464 REPARANTE}
929 2429 974 2474 G)
1008 2429 1207 2464 BELLVM
1234 2430 1392 2466 CIVILE
1424 2430 1584 2476 CDRa,
1609 2431 1646 2467 R
1675 2432 1762 2467 add.

178 2481 231 2515 IN
256 2481 389 2527 NAVI,
418 2482 522 2518 ODa
547 2483 632 2518 add.
659 2482 725 2517 AD
752 2482 858 2517 REM
882 2482 1144 2530 PVBLICAM,
1173 2484 1246 2520 01)
1266 2489 1460 2530 praeterea
1479 2485 1564 2520 add.
1585 2483 1763 2519 TETRA-

179 2534 330 2570 COLOS
357 2534 688 2580 (TETRALOCOS
715 2535 772 2582 C).
835 2537 1145 2573 PARENETICE
1172 2537 1497 2581 (PARANETICE
1518 2539 1560 2584 π)
1586 2537 1763 2573 TETRA-

180 2588 331 2624 COLOS
363 2589 596 2635 (TRTRACS
630 2592 670 2636 π)
701 2590 1010 2627 ALLEGORIOE
1046 2591 1372 2637 (ALLOGORICE
1405 2593 1441 2636 ὃ)
1475 2591 1640 2627 BRUTO
1668 2591 1763 2626 UEL

180 2648 246 2682 AD
274 2641 338 2683 R
347 2648 395 2683 P·
422 2650 479 2684 δπ
553 2649 864 2686 PARANETICE
891 2650 1207 2687 TETRACOLOS
1233 2652 1299 2686 AD
1326 2652 1534 2687 BRVTVM
1561 2651 1602 2686 F
1608 2651 1637 2686 λ
1696 2651 1761 2686 AD

179 2707 355 2742 NAVEM
380 2709 535 2745 MARCI
559 2710 709 2745 BRVTI
735 2709 1030 2745 REPARANTE
1058 2710 1257 2746 BELLVM
1284 2711 1442 2747 CIVILE
1469 2725 1491 2756 γ
1544 2710 1763 2746 PRAGMA-

181 2755 291 2790 TICE
318 2756 522 2792 DICOLOS
549 2758 614 2791 AD
640 2757 817 2793 NAUEM
842 2757 989 2793 BRUTI
1014 2770 1041 2793 ιι

301 2809 325 2844 3
351 2811 491 2857 nonne]
517 2814 565 2846 sie
595 2811 625 2847 C
701 2810 725 2847 4
750 2811 867 2847 remio
903 2812 1086 2847 Victorini
1111 2814 1187 2848 cod.
1214 2813 1250 2847 A
1332 2813 1354 2848 5
1383 2813 1436 2860 et]
1463 2824 1533 2848 nec
1559 2813 1714 2850 Seruius

182 2862 331 2899 saucius
369 2862 513 2911 Africo]
553 2864 669 2900 africo
709 2865 858 2900 saucius
896 2868 913 2900 λ
964 2867 1071 2900 actus
1107 2865 1224 2902 africo
1263 2867 1386 2912 Fynl
1439 2868 1546 2902 actus
1583 2867 1711 2904 affrico
1739 2870 1762 2904 δ

174 2917 373 2965 ,s([ssssafrico
407 2918 418 2953 l
463 2920 570 2954 actus
603 2918 651 2953 ab
678 2919 794 2955 africo
826 2922 922 2966 ς(σκ)
995 2919 1143 2957 saueius
1171 2920 1207 2956 R
1247 2920 1369 2959 sacius
1399 2920 1429 2957 G
1505 2921 1634 2958 affrico
1661 2923 1762 2963 Rffu
