2008 3230
865 151 1155 189 PRAEFATIO.
1691 150 1812 186 XXII]

228 281 309 308 non
346 267 529 308 cultioris
565 263 718 320 ingenii
755 266 880 306 fuisse
905 266 1056 313 ,multis
1086 265 1185 306 locis
1214 265 1432 305 uerborum
1463 264 1532 304 uel
1563 263 1812 315 syllabarum

230 327 429 368 diuisione
460 328 650 368 docemur
678 325 995 378 peruersissima.

344 383 392 427 B'
416 389 459 427 et
482 388 530 440 A,
556 389 598 427 et
621 382 668 426 B‘
689 388 730 426 et
753 387 790 426 R
814 386 963 426 mirum
989 387 1188 437 quantum
1203 384 1314 424 'inter
1332 396 1374 424 se
1394 384 1626 434 cohaerent3
1652 383 1694 423 in
1715 396 1749 423 a.
1771 397 1810 435 p.

227 448 351 488 etiam
382 448 416 487 B
448 449 490 487 et
519 447 567 487 V.
631 446 709 486 Sed
741 447 835 486 ante
868 445 1003 486 omnia
1037 446 1161 486 codex
1186 445 1216 485 O
1248 444 1531 484 describendus
1556 445 1628 496 081,
1661 443 1811 511 quippe

228 507 337 560 quod
368 521 416 547 ex
447 508 481 546 B
514 508 555 547 et
585 505 616 546 O
647 501 694 545 B'
726 506 892 546 formari
922 507 1068 557 potest.
1130 506 1191 545 De
1223 518 1329 545 nexu
1361 504 1557 545 codicum
1568 500 1615 542 B'
1642 506 1683 543 et
1707 503 1778 543 R
1768 517 1810 542 1n

227 579 440 620 tractando
472 579 609 619 ordine
639 578 714 631 ΠΙ,
745 577 817 618 ubi
848 578 896 618 de
922 577 1055 618 codice
1080 578 1117 617 R
1141 590 1270 618 sermo
1296 577 1384 629 erit,
1417 588 1596 645 agemus,
1629 575 1676 615 de
1705 588 1811 615 nexu

227 650 411 693 codicum
439 649 479 691 A
509 652 551 691 et
580 650 615 690 B
647 649 691 690 in
721 649 978 690 describendo
1010 649 1048 689 A
1079 644 1181 703 (ord.
1214 644 1287 704 11).

1003 768 1034 809 O

347 843 377 883 C
413 843 498 884 cod.
535 841 840 883 Ratisbonensis
884 841 1013 882 sancti
1056 840 1362 892 Emmerammi,
1406 853 1515 880 nunc
1557 840 1809 880 Monacensis

224 903 314 944 Lat.
344 904 500 955 14685,
531 895 760 955 conligatus
785 915 878 943 cum
909 902 1043 942 codice
1068 902 1114 953 Ε,
1142 914 1262 952 quem
1288 900 1560 952 supplementi
1586 913 1710 939 031183
1736 900 1808 939 311-

227 963 318 1014 quis
361 963 609 1014 conscripsit.
672 962 774 1002 Cum
812 962 919 1002 enim
959 961 1082 1002 codex
1122 960 1151 1001 O
1190 961 1408 1012 deperditis
1449 961 1606 1000 duobus
1649 963 1810 1012 quater·

225 1022 414 1062 nionibus
437 1023 632 1073 inciperet
651 1036 675 1062 a
695 1036 725 1063 0.
747 1022 810 1061 ΙΠ
830 1024 898 1074 26,
918 1024 981 1073 13,
1004 1022 1084 1062 duo
1104 1021 1202 1061 noui
1223 1021 1508 1072 quaterniones
1528 1020 1683 1060 exarati
1703 1022 1810 1073 sunt,

222 1082 292 1122 sed
331 1082 512 1122 adhibito
553 1082 675 1132 primi
716 1082 866 1122 ordinis
906 1082 1091 1132 quodam,
1124 1080 1342 1131 exemplari
1377 1075 1484 1134 (E‘);
1533 1080 1589 1120 sic
1630 1081 1810 1120 carmina

223 1141 381 1194 integra
399 1141 558 1181 reddita
585 1143 692 1181 sunt.
743 1141 798 1180 Hi
816 1141 937 1192 primi
957 1141 1036 1181 duo
1057 1140 1355 1192 quaterniones,
1375 1157 1432 1172 =
1452 1141 1486 1179 E
1509 1153 1643 1190 carm,
1668 1141 1736 1180 fol.
1754 1142 1808 1180 64

224 1201 338 1254 signo
371 1201 447 1241 ·11·
477 1201 610 1241 notati
639 1202 754 1253 811111,
784 1201 854 1241 fol.
883 1202 966 1253 71¹,
997 1200 1070 1239 ubi
1096 1199 1126 1240 C
1151 1199 1307 1252 incipit,
1341 1201 1440 1240 nota
1466 1199 1561 1238 -III-
1588 1200 1808 1240 inuenitur.

341 1261 556 1301 Praeterea
587 1260 617 1301 C
649 1262 763 1301 extat
793 1274 828 1300 a.
854 1275 892 1311 p.
928 1262 1104 1300 1—440
1136 1261 1178 1300 et
1208 1272 1324 1299 serm.
1354 1258 1378 1298 Ι
1396 1261 1435 1312 4,
1459 1261 1646 1313 122—6,
1667 1261 1736 1300 40.
1767 1259 1811 1298 ΙΙ

225 1324 263 1374 7,
285 1323 472 1373 118-8,
494 1323 562 1362 95.
622 1320 654 1361 Ο
690 1321 902 1372 pallidiore
941 1321 1168 1360 atramento
1206 1321 1248 1359 et
1287 1319 1437 1360 litteris
1469 1319 1687 1359 simillimis
1720 1320 1806 1371 qui·

221 1382 323 1433 dem,
350 1381 418 1421 sed
442 1381 675 1432 maioribus,
702 1394 825 1432 quam
843 1382 890 1432 E,
916 1382 1105 1420 exaratus
1131 1381 1210 1432 est3
1236 1380 1279 1418 in
1304 1392 1552 1431 unaquaque
1579 1380 1731 1432 pagina
1750 1382 1808 1420 40

221 1443 384 1480 tantum
409 1453 551 1481 uersus
576 1441 619 1480 in
645 1441 817 1493 singulis
840 1441 1030 1480 binarum
1054 1441 1335 1481 columnarum
1360 1441 1468 1491 sunt,
1494 1453 1587 1479 cum
1605 1441 1640 1479 E
1666 1453 1808 1480 uersus

221 1501 370 1541 habeat
407 1502 608 1541 42—43.
682 1499 712 1540 G
749 1500 874 1540 etiam
911 1514 956 1540 eo
989 1501 1040 1540 ab
1076 1501 1110 1539 E
1153 1499 1303 1552 differt,
1348 1500 1458 1551 quod
1496 1500 1628 1540 multo
1672 1500 1809 1551 plures

223 1561 391 1600 alterius
427 1573 572 1600 manus
610 1560 863 1600 coniecturae
901 1562 944 1600 et
979 1561 1137 1612 glossae
1174 1559 1325 1600 insunt.
1389 1559 1442 1600 02
1480 1560 1698 1600 deterrima
1735 1563 1807 1613 est,

222 1621 270 1662 cf.
295 1622 433 1670 pellax
462 1634 536 1671 pro
559 1621 704 1670 paeleae
734 1633 767 1660 c.
797 1620 862 1659 ΠΙ
882 1622 950 1673 27,
973 1622 1040 1661 66.

341 1681 383 1720 Si
414 1681 600 1721 ordinum
630 1680 807 1720 indolem
832 1682 1006 1733 spectas,
1039 1679 1070 1720 O
1094 1681 1334 1731 plerumque
1360 1680 1526 1720 secundi
1551 1680 1702 1720 ordinis
1729 1683 1802 1733 est,

219 1740 419 1780 artissime
456 1753 630 1781 conexus
661 1753 754 1780 cum
787 1740 834 1792 B,
866 1740 909 1779 in
944 1739 1194 1780 sermonibus
1228 1753 1322 1780 cum
1355 1754 1402 1793 g,
1434 1742 1647 1792 tamquam
1680 1741 1808 1781 frater

218 1801 286 1840 uel
317 1801 425 1839 filius
456 1801 588 1853 ignoti
618 1800 692 1839 filii
723 1799 871 1840 codicis
902 1801 936 1839 B
968 1799 1047 1839 dici
1078 1800 1224 1851 potest.

337 1860 434 1901 Noli
466 1860 496 1900 O
528 1874 575 1901 ex
605 1860 640 1899 B
667 1860 912 1910 descriptum
945 1861 1105 1911 putare,
1136 1860 1178 1900 id
1203 1859 1311 1911 quod
1336 1873 1429 1900 eum
1455 1860 1546 1899 aliis
1574 1861 1664 1899 tum
1688 1861 1806 1900 uaria

219 1920 390 1961 lectione
430 1921 528 1961 leuis
559 1919 590 1960 G
629 1921 731 1960 leues
762 1920 796 1959 B
835 1920 948 1971 epod.
983 1922 1022 1972 2,
1050 1921 1104 1959 28
1146 1920 1266 1971 plane
1305 1919 1491 1960 efficitur
1553 1919 1741 1960 Codicem
1772 1922 1806 1960 B

219 1982 377 2032 patrem
416 1980 562 2021 codicis
603 1980 633 2020 O
676 1992 761 2020 esse
801 1993 1025 2048 numquam
1065 1979 1147 2019 dixi
1194 1974 1260 2034 (cf.
1300 1980 1363 2020 W.
1401 1979 1552 2031 Christ,
1594 1980 1806 2038 Horatian.

221 2054 260 2092 p.
294 2035 382 2094 97),
412 2053 557 2080 uerum
589 2040 766 2080 codicem
798 2040 828 2079 O
860 2040 1057 2093 originem
1086 2040 1257 2080 traxisse
1282 2053 1330 2080 ex
1361 2035 1417 2080 B'.

338 2096 384 2139 B'
409 2100 732 2140 uetustissimum
757 2101 799 2139 et
823 2100 1023 2151 optimum
1049 2113 1133 2140 esse
1158 2100 1276 2140 modo
1303 2100 1682 2140 demonstrauimus.
1729 2101 1805 2141 Sed

221 2161 250 2199 C
279 2161 388 2200 solus
420 2174 581 2211 quoque
612 2173 917 2211 nonnumquam
951 2160 1091 2213 magni
1121 2159 1243 2212 pretii
1275 2162 1353 2212 est,
1389 2160 1630 2212 praesertim
1667 2161 1738 2201 ubi
1769 2162 1803 2200 B

219 2220 362 2260 deficit.
427 2221 546 2260 Solus
577 2220 695 2260 unice
727 2233 846 2260 ueras
876 2220 1027 2261 formas
1059 2220 1242 2261 seruauit

400 2316 430 2343 0.
462 2303 545 2342 ΙΠΙ
567 2305 604 2355 2,
627 2305 679 2343 25
715 2315 877 2353 cycnwm
908 2303 938 2342 O
970 2317 1063 2343 cum
1093 2304 1128 2343 B
1160 2315 1373 2356 superscr.;

402 2376 432 2403 c.
465 2363 548 2402 IIII
570 2366 607 2414 3,
630 2364 685 2402 20
717 2364 826 2413 cycni
858 2357 911 2417 (B
944 2359 1060 2418 def.);

401 2436 432 2462 0.
463 2421 547 2462 ΙΠΙ
568 2425 606 2475 6,
628 2424 683 2462 22
715 2424 866 2475 dictem,

399 2495 429 2522 s.
460 2483 482 2521 I
501 2485 541 2533 4,
564 2483 647 2522 138
680 2484 733 2522 oti
764 2478 990 2537 (deficiente
1022 2478 1095 2538 Β),

398 2555 428 2583 s.
460 2543 479 2581 Ι
501 2544 644 2595 5,101
680 2554 818 2583 aeuo‘m
848 2538 1000 2597 (nescio
1033 2557 1085 2584 an
1117 2544 1240 2584 etiam
1272 2538 1369 2598 ΒΛ),

399 2615 428 2643 s.
460 2603 480 2641 I
502 2605 539 2654 6,
562 2604 628 2643 25.
652 2605 706 2642 28
739 2603 893 2642 clauom
924 2598 992 2671 (B.
1010 2599 1126 2657 def),

400 2675 434 2702 a.
466 2676 504 2713 p.
539 2663 592 2702 67
626 2663 801 2712 iniquom
834 2662 882 2712 O,
915 2663 1026 2704 omis.
1054 2665 1087 2702 B
1119 2685 1166 2690 —
1198 2677 1292 2715 ergo
1325 2663 1367 2702 in
1398 2659 1444 2702 B‘
1476 2664 1610 2703 minus
1648 2665 1802 2705 clarum

626 2723 782 2762 factum
807 2722 939 2762 deleta
970 2723 1108 2763 littera
1138 2735 1179 2775 03

400 2795 435 2821 a
464 2767 503 2832 p.
538 2783 594 2822 84
626 2794 778 2834 equom,

400 2854 435 2881 a.
467 2855 504 2891 p.
529 2844 612 2881 102
645 2842 794 2894 αοῐύαε,

400 2913 436 2940 a.
467 2914 504 2950 p.
527 2902 611 2941 106
644 2874 810 2953 uoltum⁷3

400 2973 424 2999 a
467 2973 504 3011 p.
528 2962 610 3000 327
645 2964 838 3003 νεννηοῐαεί.
