<?xml version="1.0" encoding="UTF-8"?>
<!DOCTYPE html PUBLIC "-//W3C//DTD XHTML 1.0 Transitional//EN"
    "http://www.w3.org/TR/xhtml1/DTD/xhtml1-transitional.dtd">
<html xmlns="http://www.w3.org/1999/xhtml" xml:lang="en" lang="en">
 <head>
  <title>
</title>
<meta http-equiv="Content-Type" content="text/html;charset=utf-8" />
  <meta name='ocr-system' content='tesseract 3.04.00' />
  <meta name='ocr-capabilities' content='ocr_page ocr_carea ocr_par ocr_line ocrx_word'/>
</head>
<body>
  <div class='ocr_page' id='page_1' title='image "./operahora01horauoft_0038.png"; bbox 0 0 2008 3230; ppageno 0'>
   <div class='ocr_carea' id='block_1_1' title="bbox 272 150 1198 188">
    <p class='ocr_par' dir='ltr' id='par_1_1' title="bbox 272 150 1198 188">
     <span class='ocr_line' id='line_1_1' title="bbox 272 150 1198 188; baseline 0 -1"><span class='ocrx_word' id='word_1_1' title='bbox 272 151 427 188; x_wconf 91' lang='lat' dir='ltr'>XXXIV</span> <span class='ocrx_word' id='word_1_2' title='bbox 913 150 1198 188; x_wconf 78' lang='lat' dir='ltr'><strong>PRAEFATIO.</strong></span> 
     </span>
    </p>
   </div>
   <div class='ocr_carea' id='block_1_2' title="bbox 272 263 1846 554">
    <p class='ocr_par' dir='ltr' id='par_1_2' title="bbox 272 263 1846 554">
     <span class='ocr_line' id='line_1_2' title="bbox 272 263 1843 317; baseline -0.001 -13"><span class='ocrx_word' id='word_1_3' title='bbox 272 266 363 304; x_wconf 86' lang='lat' dir='ltr'>tum</span> <span class='ocrx_word' id='word_1_4' title='bbox 403 277 558 316; x_wconf 86' lang='lat' dir='ltr'>semper</span> <span class='ocrx_word' id='word_1_5' title='bbox 597 264 677 304; x_wconf 88' lang='lat' dir='ltr'>fuit</span> <span class='ocrx_word' id='word_1_6' title='bbox 715 265 790 304; x_wconf 90' lang='lat' dir='ltr'>iste</span> <span class='ocrx_word' id='word_1_7' title='bbox 830 265 942 304; x_wconf 87' lang='lat' dir='ltr'>locus</span> <span class='ocrx_word' id='word_1_8' title='bbox 981 278 1013 304; x_wconf 92' lang='lat' dir='ltr'>c.</span> <span class='ocrx_word' id='word_1_9' title='bbox 1038 265 1121 304; x_wconf 89' lang='lat' dir='ltr'>IIII</span> <span class='ocrx_word' id='word_1_10' title='bbox 1149 267 1186 317; x_wconf 88' lang='lat'>1,</span> <span class='ocrx_word' id='word_1_11' title='bbox 1209 266 1263 304; x_wconf 91' lang='grc'>10</span> <span class='ocrx_word' id='word_1_12' title='bbox 1302 264 1373 303; x_wconf 91' lang='lat' dir='ltr'>ubi</span> <span class='ocrx_word' id='word_1_13' title='bbox 1409 263 1452 302; x_wconf 91' lang='lat' dir='ltr'>in</span> <span class='ocrx_word' id='word_1_14' title='bbox 1487 263 1619 314; x_wconf 84' lang='lat' dir='ltr'>prima</span> <span class='ocrx_word' id='word_1_15' title='bbox 1654 263 1843 316; x_wconf 86' lang='lat' dir='ltr'>editione,</span> 
     </span>
     <span class='ocr_line' id='line_1_3' title="bbox 274 323 1844 375; baseline -0.001 -11"><span class='ocrx_word' id='word_1_16' title='bbox 274 332 395 375; x_wconf 85' lang='lat' dir='ltr'>quam</span> <span class='ocrx_word' id='word_1_17' title='bbox 433 327 526 364; x_wconf 90' lang='lat' dir='ltr'>ante</span> <span class='ocrx_word' id='word_1_18' title='bbox 565 325 735 363; x_wconf 91' lang='lat' dir='ltr'>deletam</span> <span class='ocrx_word' id='word_1_19' title='bbox 767 323 1050 364; x_wconf 73' lang='lat' dir='ltr'>bibliothecam</span> <span class='ocrx_word' id='word_1_20' title='bbox 1081 324 1336 363; x_wconf 88' lang='lat' dir='ltr'>Blandiniam</span> <span class='ocrx_word' id='word_1_21' title='bbox 1365 324 1533 375; x_wconf 88' lang='lat' dir='ltr'>fecerat,</span> <span class='ocrx_word' id='word_1_22' title='bbox 1573 323 1844 363; x_wconf 88' lang='lat' dir='ltr'>coniecturam</span> 
     </span>
     <span class='ocr_line' id='line_1_4' title="bbox 274 376 1845 435; baseline 0 -13"><span class='ocrx_word' id='word_1_23' title='bbox 274 397 389 422; x_wconf 86' lang='lat' dir='ltr'>suam</span> <span class='ocrx_word' id='word_1_24' title='bbox 426 385 468 423; x_wconf 90' lang='lat' dir='ltr'>in</span> <span class='ocrx_word' id='word_1_25' title='bbox 504 384 616 422; x_wconf 89' lang='lat' dir='ltr'>libris</span> <span class='ocrx_word' id='word_1_26' title='bbox 648 376 742 423; x_wconf 66' lang='lat' dir='ltr'>non‘</span> <span class='ocrx_word' id='word_1_27' title='bbox 765 384 938 423; x_wconf 88' lang='lat' dir='ltr'>inueniri</span> <span class='ocrx_word' id='word_1_28' title='bbox 969 385 1074 423; x_wconf 90' lang='lat' dir='ltr'>clare</span> <span class='ocrx_word' id='word_1_29' title='bbox 1105 384 1268 435; x_wconf 85' lang='lat' dir='ltr'>fatetur,</span> <span class='ocrx_word' id='word_1_30' title='bbox 1300 384 1341 422; x_wconf 90' lang='lat' dir='ltr'>in</span> <span class='ocrx_word' id='word_1_31' title='bbox 1373 384 1501 422; x_wconf 87' lang='lat' dir='ltr'>altera</span> <span class='ocrx_word' id='word_1_32' title='bbox 1530 395 1628 423; x_wconf 90' lang='lat' dir='ltr'>uero</span> <span class='ocrx_word' id='word_1_33' title='bbox 1660 383 1845 435; x_wconf 74' lang='lat' dir='ltr'>editione,</span> 
     </span>
     <span class='ocr_line' id='line_1_5' title="bbox 273 443 1846 494; baseline -0.001 -12"><span class='ocrx_word' id='word_1_34' title='bbox 273 445 366 494; x_wconf 92' lang='lat' dir='ltr'>post</span> <span class='ocrx_word' id='word_1_35' title='bbox 396 443 623 482; x_wconf 83' lang='lat' dir='ltr'>incendium</span> <span class='ocrx_word' id='word_1_36' title='bbox 661 443 763 481; x_wconf 92' lang='lat' dir='ltr'>illud</span> <span class='ocrx_word' id='word_1_37' title='bbox 799 444 925 494; x_wconf 88' lang='lat' dir='ltr'>facta,</span> <span class='ocrx_word' id='word_1_38' title='bbox 957 456 1049 482; x_wconf 90' lang='lat' dir='ltr'>cum</span> <span class='ocrx_word' id='word_1_39' title='bbox 1078 443 1161 482; x_wconf 90' lang='lat' dir='ltr'>iam</span> <span class='ocrx_word' id='word_1_40' title='bbox 1190 457 1272 483; x_wconf 92' lang='lat' dir='ltr'>non</span> <span class='ocrx_word' id='word_1_41' title='bbox 1302 443 1473 494; x_wconf 88' lang='lat' dir='ltr'>timeret,</span> <span class='ocrx_word' id='word_1_42' title='bbox 1505 455 1554 481; x_wconf 91' lang='lat' dir='ltr'>ne</span> <span class='ocrx_word' id='word_1_43' title='bbox 1584 455 1610 481; x_wconf 90' lang='lat' dir='ltr'>a</span> <span class='ocrx_word' id='word_1_44' title='bbox 1641 455 1846 493; x_wconf 83' lang='lat' dir='ltr'>quoquam</span> 
     </span>
     <span class='ocr_line' id='line_1_6' title="bbox 272 499 1846 554; baseline 0 -13"><span class='ocrx_word' id='word_1_45' title='bbox 272 503 532 554; x_wconf 77' lang='lat' dir='ltr'>refelleretur,</span> <span class='ocrx_word' id='word_1_46' title='bbox 559 502 750 542; x_wconf 82' lang='lat' dir='ltr'>audacter</span> <span class='ocrx_word' id='word_1_47' title='bbox 774 499 980 542; x_wconf 85' lang='lat' dir='ltr'>contendit</span> <span class='ocrx_word' id='word_1_48' title='bbox 1004 515 1045 541; x_wconf 88' lang='lat' dir='ltr'>se</span> <span class='ocrx_word' id='word_1_49' title='bbox 1070 502 1358 542; x_wconf 83' lang='lat' dir='ltr'>emendationis</span> <span class='ocrx_word' id='word_1_50' title='bbox 1384 514 1479 540; x_wconf 88' lang='lat' dir='ltr'>suae</span> <span class='ocrx_word' id='word_1_51' title='bbox 1505 503 1646 552; x_wconf 81' lang='lat' dir='ltr'>aperta</span> <span class='ocrx_word' id='word_1_52' title='bbox 1669 501 1846 554; x_wconf 82' lang='lat' dir='ltr'>uestigia.</span> 
     </span>
    </p>
   </div>
   <div class='ocr_carea' id='block_1_3' title="bbox 272 561 1910 616">
    <p class='ocr_par' dir='ltr' id='par_1_3' title="bbox 272 561 1910 616">
     <span class='ocr_line' id='line_1_7' title="bbox 272 561 1910 616; baseline 0.001 -17"><span class='ocrx_word' id='word_1_53' title='bbox 272 562 314 600; x_wconf 86' lang='lat' dir='ltr'>in</span> <span class='ocrx_word' id='word_1_54' title='bbox 346 562 547 601; x_wconf 82' lang='lat' dir='ltr'>codicibus</span> <span class='ocrx_word' id='word_1_55' title='bbox 572 562 796 601; x_wconf 86' lang='lat' dir='ltr'>Blandiniis</span> <span class='ocrx_word' id='word_1_56' title='bbox 821 562 1051 612; x_wconf 85' lang='lat' dir='ltr'>repperisse.</span> <span class='ocrx_word' id='word_1_57' title='bbox 1101 562 1203 601; x_wconf 86' lang='lat' dir='ltr'>Vide</span> <span class='ocrx_word' id='word_1_58' title='bbox 1235 563 1420 612; x_wconf 87' lang='lat' dir='ltr'>excerpta</span> <span class='ocrx_word' id='word_1_59' title='bbox 1446 561 1678 612; x_wconf 85' lang='lat' dir='ltr'>Oruquiana</span> <span class='ocrx_word' id='word_1_60' title='bbox 1701 561 1746 600; x_wconf 91' lang='lat' dir='ltr'>in</span> <span class='ocrx_word' id='word_1_61' title='bbox 1769 561 1844 601; x_wconf 90' lang='lat' dir='ltr'>hoc</span> <span class='ocrx_word' id='word_1_62' title='bbox 1907 613 1910 616; x_wconf 64' lang='lat'><em>‚</em></span> 
     </span>
    </p>
   </div>
   <div class='ocr_carea' id='block_1_4' title="bbox 262 615 1892 2097">
    <p class='ocr_par' dir='ltr' id='par_1_4' title="bbox 262 615 1892 1730">
     <span class='ocr_line' id='line_1_8' title="bbox 273 615 1846 675; baseline 0.001 -16"><span class='ocrx_word' id='word_1_63' title='bbox 273 623 408 660; x_wconf 84' lang='lat' dir='ltr'>nostro</span> <span class='ocrx_word' id='word_1_64' title='bbox 430 622 636 661; x_wconf 87' lang='lat' dir='ltr'>uolumine</span> <span class='ocrx_word' id='word_1_65' title='bbox 661 635 699 671; x_wconf 90' lang='lat' dir='ltr'>p.</span> <span class='ocrx_word' id='word_1_66' title='bbox 727 622 824 661; x_wconf 85' lang='lat'>360.</span> <span class='ocrx_word' id='word_1_67' title='bbox 873 621 921 660; x_wconf 93' lang='lat' dir='ltr'>In</span> <span class='ocrx_word' id='word_1_68' title='bbox 946 621 1119 661; x_wconf 88' lang='lat' dir='ltr'>editione</span> <span class='ocrx_word' id='word_1_69' title='bbox 1144 621 1342 673; x_wconf 88' lang='lat' dir='ltr'>Brugensi</span> <span class='ocrx_word' id='word_1_70' title='bbox 1362 615 1519 675; x_wconf 84' lang='lat'>(1565)</span> <span class='ocrx_word' id='word_1_71' title='bbox 1538 621 1635 661; x_wconf 87' lang='lat' dir='ltr'>haec</span> <span class='ocrx_word' id='word_1_72' title='bbox 1652 620 1846 673; x_wconf 82' lang='lat' dir='ltr'>legimus:</span> 
     </span>
     <span class='ocr_line' id='line_1_9' title="bbox 274 677 1846 730; baseline 0 -11"><span class='ocrx_word' id='word_1_73' title='bbox 274 677 374 719; x_wconf 70' lang='lat' dir='ltr'>‘sine</span> <span class='ocrx_word' id='word_1_74' title='bbox 404 682 482 719; x_wconf 85' lang='lat' dir='ltr'>ullo</span> <span class='ocrx_word' id='word_1_75' title='bbox 513 682 696 729; x_wconf 87' lang='lat' dir='ltr'>scrupulo</span> <span class='ocrx_word' id='word_1_76' title='bbox 729 692 814 719; x_wconf 89' lang='lat' dir='ltr'>eam</span> <span class='ocrx_word' id='word_1_77' title='bbox 838 682 1052 726; x_wconf 85' lang='lat' dir='ltr'>dictionem,</span> <span class='ocrx_word' id='word_1_78' title='bbox 1076 683 1305 730; x_wconf 74' lang='lat' dir='ltr'>purpureis,</span> <span class='ocrx_word' id='word_1_79' title='bbox 1336 684 1381 719; x_wconf 90' lang='lat' dir='ltr'>ut</span> <span class='ocrx_word' id='word_1_80' title='bbox 1406 682 1621 730; x_wconf 61' lang='lat' dir='ltr'>,qenuinam</span> <span class='ocrx_word' id='word_1_81' title='bbox 1652 683 1688 719; x_wconf 88' lang='lat' dir='ltr'>et</span> <span class='ocrx_word' id='word_1_82' title='bbox 1712 680 1846 719; x_wconf 87' lang='lat' dir='ltr'>Hora-</span> 
     </span>
     <span class='ocr_line' id='line_1_10' title="bbox 274 741 1847 789; baseline 0 -11"><span class='ocrx_word' id='word_1_83' title='bbox 274 741 425 778; x_wconf 87' lang='lat' dir='ltr'>tianam</span> <span class='ocrx_word' id='word_1_84' title='bbox 454 742 498 779; x_wconf 90' lang='lat' dir='ltr'>in</span> <span class='ocrx_word' id='word_1_85' title='bbox 528 753 604 779; x_wconf 86' lang='lat' dir='ltr'>sua</span> <span class='ocrx_word' id='word_1_86' title='bbox 634 741 722 779; x_wconf 82' lang='lat' dir='ltr'>sede</span> <span class='ocrx_word' id='word_1_87' title='bbox 751 741 999 779; x_wconf 73' lang='lat' dir='ltr'>statuendam</span> <span class='ocrx_word' id='word_1_88' title='bbox 1021 742 1179 789; x_wconf 84' lang='lat' dir='ltr'>putaui,</span> <span class='ocrx_word' id='word_1_89' title='bbox 1212 742 1401 789; x_wconf 73' lang='lat' dir='ltr'>tantisper</span> <span class='ocrx_word' id='word_1_90' title='bbox 1430 741 1525 780; x_wconf 81' lang='lat' dir='ltr'>dum</span> <span class='ocrx_word' id='word_1_91' title='bbox 1554 741 1626 779; x_wconf 84' lang='lat' dir='ltr'>illa</span> <span class='ocrx_word' id='word_1_92' title='bbox 1652 741 1847 789; x_wconf 73' lang='lat' dir='ltr'>coyeretwr</span> 
     </span>
     <span class='ocr_line' id='line_1_11' title="bbox 273 800 1846 849; baseline 0 -11"><span class='ocrx_word' id='word_1_93' title='bbox 273 800 344 838; x_wconf 82' lang='lat' dir='ltr'>alii</span> <span class='ocrx_word' id='word_1_94' title='bbox 373 812 489 838; x_wconf 78' lang='lat' dir='ltr'>sumn</span> <span class='ocrx_word' id='word_1_95' title='bbox 520 800 644 838; x_wconf 90' lang='lat' dir='ltr'>locum</span> <span class='ocrx_word' id='word_1_96' title='bbox 675 801 876 838; x_wconf 84' lang='lat' dir='ltr'>concedere</span> <span class='ocrx_word' id='word_1_97' title='bbox 884 813 897 838; x_wconf 84' lang='lat'>.·</span> <span class='ocrx_word' id='word_1_98' title='bbox 935 801 1036 849; x_wconf 75' lang='lat' dir='ltr'>quod</span> <span class='ocrx_word' id='word_1_99' title='bbox 1066 801 1239 848; x_wconf 84' lang='lat' dir='ltr'>profecto</span> <span class='ocrx_word' id='word_1_100' title='bbox 1269 812 1379 839; x_wconf 85' lang='lat' dir='ltr'>nemo</span> <span class='ocrx_word' id='word_1_101' title='bbox 1408 801 1504 838; x_wconf 78' lang='lat' dir='ltr'>mihi</span> <span class='ocrx_word' id='word_1_102' title='bbox 1533 800 1649 848; x_wconf 78' lang='lat' dir='ltr'>facile</span> <span class='ocrx_word' id='word_1_103' title='bbox 1677 810 1846 848; x_wconf 83' lang='lat' dir='ltr'>persua-</span> 
     </span>
     <span class='ocr_line' id='line_1_12' title="bbox 272 858 1849 911; baseline -0.001 -14"><span class='ocrx_word' id='word_1_104' title='bbox 272 861 366 897; x_wconf 85' lang='lat' dir='ltr'>serit</span> <span class='ocrx_word' id='word_1_105' title='bbox 399 860 593 911; x_wconf 85' lang='lat' dir='ltr'>futurum,</span> <span class='ocrx_word' id='word_1_106' title='bbox 630 860 709 898; x_wconf 87' lang='lat' dir='ltr'>nisi</span> <span class='ocrx_word' id='word_1_107' title='bbox 745 860 913 898; x_wconf 88' lang='lat' dir='ltr'>uelimus</span> <span class='ocrx_word' id='word_1_108' title='bbox 948 859 1163 898; x_wconf 75' lang='lat' dir='ltr'>Horatium</span> <span class='ocrx_word' id='word_1_109' title='bbox 1192 859 1256 898; x_wconf 89' lang='lat' dir='ltr'>uel</span> <span class='ocrx_word' id='word_1_110' title='bbox 1290 860 1491 908; x_wconf 72' lang='lat' dir='ltr'>iynorasse</span> <span class='ocrx_word' id='word_1_111' title='bbox 1519 870 1766 907; x_wconf 84' lang='lat' dir='ltr'>purpuram·</span> <span class='ocrx_word' id='word_1_112' title='bbox 1783 858 1849 897; x_wconf 85' lang='lat' dir='ltr'>uel</span> 
     </span>
     <span class='ocr_line' id='line_1_13' title="bbox 271 918 1848 967; baseline 0 -11"><span class='ocrx_word' id='word_1_113' title='bbox 271 920 438 957; x_wconf 72' lang='lat' dir='ltr'>nescisse</span> <span class='ocrx_word' id='word_1_114' title='bbox 479 920 602 957; x_wconf 87' lang='lat' dir='ltr'>olores</span> <span class='ocrx_word' id='word_1_115' title='bbox 643 930 724 958; x_wconf 89' lang='lat' dir='ltr'>esse</span> <span class='ocrx_word' id='word_1_116' title='bbox 763 919 961 957; x_wconf 80' lang='lat' dir='ltr'>candidos.</span> <span class='ocrx_word' id='word_1_117' title='bbox 1033 918 1124 957; x_wconf 89' lang='lat' dir='ltr'>Non</span> <span class='ocrx_word' id='word_1_118' title='bbox 1165 930 1204 957; x_wconf 91' lang='lat' dir='ltr'>eo</span> <span class='ocrx_word' id='word_1_119' title='bbox 1245 920 1402 966; x_wconf 74' lang='lat' dir='ltr'>inficias</span> <span class='ocrx_word' id='word_1_120' title='bbox 1442 919 1552 956; x_wconf 84' lang='lat' dir='ltr'>illius</span> <span class='ocrx_word' id='word_1_121' title='bbox 1591 918 1671 956; x_wconf 90' lang='lat' dir='ltr'>loco</span> <span class='ocrx_word' id='word_1_122' title='bbox 1710 918 1848 967; x_wconf 84' lang='lat' dir='ltr'>reponi</span> 
     </span>
     <span class='ocr_line' id='line_1_14' title="bbox 271 977 1845 1027; baseline -0.001 -11"><span class='ocrx_word' id='word_1_123' title='bbox 271 979 383 1016; x_wconf 87' lang='lat' dir='ltr'>licere</span> <span class='ocrx_word' id='word_1_124' title='bbox 413 978 665 1027; x_wconf 72' lang='lat' dir='ltr'>Porphyreis,</span> <span class='ocrx_word' id='word_1_125' title='bbox 704 979 1016 1026; x_wconf 75' lang='lat' dir='ltr'>uicinitatemque</span> <span class='ocrx_word' id='word_1_126' title='bbox 1052 979 1270 1016; x_wconf 82' lang='lat' dir='ltr'>litterarum</span> <span class='ocrx_word' id='word_1_127' title='bbox 1309 980 1410 1016; x_wconf 84' lang='lat' dir='ltr'>inter</span> <span class='ocrx_word' id='word_1_128' title='bbox 1440 977 1645 1027; x_wconf 75' lang='lat' dir='ltr'>Porphyra</span> <span class='ocrx_word' id='word_1_129' title='bbox 1683 980 1718 1015; x_wconf 86' lang='lat' dir='ltr'>et</span> <span class='ocrx_word' id='word_1_130' title='bbox 1745 989 1845 1026; x_wconf 85' lang='lat' dir='ltr'>pwr—</span> 
     </span>
     <span class='ocr_line' id='line_1_15' title="bbox 262 1037 1845 1085; baseline 0.001 -11"><span class='ocrx_word' id='word_1_131' title='bbox 262 1049 373 1084; x_wconf 87' lang='lat' dir='ltr'>pura</span> <span class='ocrx_word' id='word_1_132' title='bbox 402 1048 482 1075; x_wconf 88' lang='lat' dir='ltr'>uon</span> <span class='ocrx_word' id='word_1_133' title='bbox 513 1037 724 1085; x_wconf 74' lang='lat' dir='ltr'>difficulter</span> <span class='ocrx_word' id='word_1_134' title='bbox 750 1037 873 1075; x_wconf 88' lang='lat' dir='ltr'>errori</span> <span class='ocrx_word' id='word_1_135' title='bbox 895 1038 1162 1085; x_wconf 80' lang='lat' dir='ltr'>patrocinium</span> <span class='ocrx_word' id='word_1_136' title='bbox 1191 1039 1454 1082; x_wconf 89' lang='lat' dir='ltr'>inuenturam,</span> <span class='ocrx_word' id='word_1_137' title='bbox 1486 1037 1554 1076; x_wconf 78' lang='lat' dir='ltr'>secl</span> <span class='ocrx_word' id='word_1_138' title='bbox 1577 1037 1845 1075; x_wconf 86' lang='lat' dir='ltr'>reclaman—</span> 
     </span>
     <span class='ocr_line' id='line_1_16' title="bbox 270 1095 1847 1144; baseline 0.001 -10"><span class='ocrx_word' id='word_1_139' title='bbox 270 1097 396 1134; x_wconf 84' lang='lat' dir='ltr'>tibus</span> <span class='ocrx_word' id='word_1_140' title='bbox 425 1097 501 1134; x_wconf 92' lang='lat' dir='ltr'>uel</span> <span class='ocrx_word' id='word_1_141' title='bbox 533 1097 892 1144; x_wconf 78' lang='lat' dir='ltr'>antiquissimis</span> <span class='ocrx_word' id='word_1_142' title='bbox 923 1097 1164 1136; x_wconf 79' lang='lat' dir='ltr'>codicibus</span> <span class='ocrx_word' id='word_1_143' title='bbox 1194 1097 1305 1135; x_wconf 92' lang='lat' dir='ltr'>nolui</span> <span class='ocrx_word' id='word_1_144' title='bbox 1333 1097 1383 1135; x_wconf 85' lang='lat' dir='ltr'>in</span> <span class='ocrx_word' id='word_1_145' title='bbox 1412 1095 1739 1135; x_wconf 83' lang='lat' dir='ltr'>uenerandam</span> <span class='ocrx_word' id='word_1_146' title='bbox 1763 1108 1847 1135; x_wconf 89' lang='lat' dir='ltr'>an—</span> 
     </span>
     <span class='ocr_line' id='line_1_17' title="bbox 270 1156 1846 1204; baseline 0 -10"><span class='ocrx_word' id='word_1_147' title='bbox 270 1157 537 1203; x_wconf 80' lang='lat' dir='ltr'>tiquitatem</span> <span class='ocrx_word' id='word_1_148' title='bbox 566 1156 759 1194; x_wconf 86' lang='lat' dir='ltr'>s&#39;aeuire</span> <span class='ocrx_word' id='word_1_149' title='bbox 790 1159 945 1194; x_wconf 81' lang='lat' dir='ltr'>temere:</span> <span class='ocrx_word' id='word_1_150' title='bbox 976 1157 1063 1204; x_wconf 79' lang='lat' dir='ltr'>quis</span> <span class='ocrx_word' id='word_1_151' title='bbox 1092 1157 1194 1194; x_wconf 87' lang='lat' dir='ltr'>enim</span> <span class='ocrx_word' id='word_1_152' title='bbox 1217 1167 1296 1194; x_wconf 89' lang='lat' dir='ltr'>non</span> <span class='ocrx_word' id='word_1_153' title='bbox 1322 1157 1376 1194; x_wconf 87' lang='lat' dir='ltr'>ad</span> <span class='ocrx_word' id='word_1_154' title='bbox 1400 1156 1562 1194; x_wconf 83' lang='lat' dir='ltr'>colorem</span> <span class='ocrx_word' id='word_1_155' title='bbox 1584 1167 1846 1204; x_wconf 78' lang='lat' dir='ltr'>purpuream,</span> 
     </span>
     <span class='ocr_line' id='line_1_18' title="bbox 270 1211 1846 1264; baseline 0.001 -11"><span class='ocrx_word' id='word_1_156' title='bbox 270 1216 337 1253; x_wconf 84' lang='lat' dir='ltr'>sed</span> <span class='ocrx_word' id='word_1_157' title='bbox 368 1216 421 1253; x_wconf 80' lang='lat' dir='ltr'>acl</span> <span class='ocrx_word' id='word_1_158' title='bbox 449 1216 623 1254; x_wconf 88' lang='lat' dir='ltr'>insulam</span> <span class='ocrx_word' id='word_1_159' title='bbox 653 1216 886 1264; x_wconf 70' lang='lat' dir='ltr'>Porphyrim</span> <span class='ocrx_word' id='word_1_160' title='bbox 918 1215 1057 1254; x_wconf 84' lang='lat' dir='ltr'>Veneri</span> <span class='ocrx_word' id='word_1_161' title='bbox 1087 1227 1243 1254; x_wconf 87' lang='lat' dir='ltr'>sacram</span> <span class='ocrx_word' id='word_1_162' title='bbox 1272 1227 1354 1254; x_wconf 88' lang='lat' dir='ltr'>non</span> <span class='ocrx_word' id='word_1_163' title='bbox 1383 1215 1518 1254; x_wconf 83' lang='lat' dir='ltr'>uideat</span> <span class='ocrx_word' id='word_1_164' title='bbox 1548 1215 1731 1254; x_wconf 82' lang='lat' dir='ltr'>allusisse</span> <span class='ocrx_word' id='word_1_165' title='bbox 1753 1211 1846 1264; x_wconf 85' lang='lat' dir='ltr'>poe-</span> 
     </span>
     <span class='ocr_line' id='line_1_19' title="bbox 270 1270 1847 1324; baseline 0.001 -12"><span class='ocrx_word' id='word_1_166' title='bbox 270 1275 375 1312; x_wconf 75' lang='lat' dir='ltr'>tam?</span> <span class='ocrx_word' id='word_1_167' title='bbox 405 1277 449 1312; x_wconf 92' lang='lat' dir='ltr'>ut</span> <span class='ocrx_word' id='word_1_168' title='bbox 471 1276 667 1323; x_wconf 75' lang='lat' dir='ltr'>pusrpurei</span> <span class='ocrx_word' id='word_1_169' title='bbox 693 1275 816 1313; x_wconf 87' lang='lat' dir='ltr'>olores</span> <span class='ocrx_word' id='word_1_170' title='bbox 840 1276 920 1313; x_wconf 76' lang='lat' dir='ltr'>sint</span> <span class='ocrx_word' id='word_1_171' title='bbox 946 1274 1148 1324; x_wconf 71' lang='lat' dir='ltr'>Gytheraei</span> <span class='ocrx_word' id='word_1_172' title='bbox 1171 1275 1240 1313; x_wconf 80' lang='lat' dir='ltr'>hoc</span> <span class='ocrx_word' id='word_1_173' title='bbox 1266 1277 1322 1313; x_wconf 90' lang='lat' dir='ltr'>est</span> <span class='ocrx_word' id='word_1_174' title='bbox 1347 1275 1487 1314; x_wconf 86' lang='lat' dir='ltr'>Veneri</span> <span class='ocrx_word' id='word_1_175' title='bbox 1511 1270 1646 1313; x_wconf 64' lang='lat' dir='ltr'>sacri?</span> <span class='ocrx_word' id='word_1_176' title='bbox 1696 1273 1847 1314; x_wconf 71' lang='lat' dir='ltr'>Contra</span> 
     </span>
     <span class='ocr_line' id='line_1_20' title="bbox 269 1328 1847 1388; baseline 0 -16"><span class='ocrx_word' id='word_1_177' title='bbox 269 1333 312 1372; x_wconf 91' lang='lat' dir='ltr'>in</span> <span class='ocrx_word' id='word_1_178' title='bbox 343 1333 516 1373; x_wconf 87' lang='lat' dir='ltr'>editione</span> <span class='ocrx_word' id='word_1_179' title='bbox 547 1334 828 1384; x_wconf 86' lang='lat' dir='ltr'>Antuerpiana</span> <span class='ocrx_word' id='word_1_180' title='bbox 865 1328 1021 1388; x_wconf 85' lang='lat'>(1578)</span> <span class='ocrx_word' id='word_1_181' title='bbox 1066 1334 1257 1373; x_wconf 85' lang='lat' dir='ltr'>audacter</span> <span class='ocrx_word' id='word_1_182' title='bbox 1294 1334 1450 1373; x_wconf 88' lang='lat' dir='ltr'>scribit:</span> <span class='ocrx_word' id='word_1_183' title='bbox 1492 1345 1755 1378; x_wconf 77' lang='lat' dir='ltr'>„reuersas</span> <span class='ocrx_word' id='word_1_184' title='bbox 1793 1333 1847 1372; x_wconf 78' lang='lat' dir='ltr'>ad</span> 
     </span>
     <span class='ocr_line' id='line_1_21' title="bbox 269 1390 1847 1442; baseline 0 -11"><span class='ocrx_word' id='word_1_185' title='bbox 269 1393 416 1432; x_wconf 81' lang='lat' dir='ltr'>Bland.</span> <span class='ocrx_word' id='word_1_186' title='bbox 444 1394 589 1432; x_wconf 84' lang='lat' dir='ltr'>codices</span> <span class='ocrx_word' id='word_1_187' title='bbox 620 1395 740 1442; x_wconf 77' lang='lat' dir='ltr'>quod</span> <span class='ocrx_word' id='word_1_188' title='bbox 771 1396 912 1432; x_wconf 90' lang='lat' dir='ltr'>antea</span> <span class='ocrx_word' id='word_1_189' title='bbox 942 1405 1034 1432; x_wconf 92' lang='lat' dir='ltr'>non</span> <span class='ocrx_word' id='word_1_190' title='bbox 1065 1395 1392 1438; x_wconf 81' lang='lat' dir='ltr'>obseruaram,</span> <span class='ocrx_word' id='word_1_191' title='bbox 1423 1394 1527 1431; x_wconf 84' lang='lat' dir='ltr'>uidi</span> <span class='ocrx_word' id='word_1_192' title='bbox 1550 1394 1594 1431; x_wconf 87' lang='lat' dir='ltr'>in</span> <span class='ocrx_word' id='word_1_193' title='bbox 1617 1390 1661 1432; x_wconf 85' lang='grc' dir='ltr'>τὸ</span> <span class='ocrx_word' id='word_1_194' title='bbox 1685 1404 1847 1442; x_wconf 85' lang='lat' dir='ltr'>pwrpur</span> 
     </span>
     <span class='ocr_line' id='line_1_22' title="bbox 271 1450 1846 1502; baseline 0.001 -12"><span class='ocrx_word' id='word_1_195' title='bbox 271 1455 462 1501; x_wconf 85' lang='lat' dir='ltr'>apertas</span> <span class='ocrx_word' id='word_1_196' title='bbox 501 1454 716 1492; x_wconf 84' lang='lat' dir='ltr'>maculas</span> <span class='ocrx_word' id='word_1_197' title='bbox 755 1457 824 1492; x_wconf 81' lang='grc' dir='ltr'>τοῦ</span> <span class='ocrx_word' id='word_1_198' title='bbox 859 1453 1047 1502; x_wconf 61' lang='grc' dir='ltr'>Ρονρήῃ.,</span> <span class='ocrx_word' id='word_1_199' title='bbox 1092 1465 1213 1500; x_wconf 81' lang='lat' dir='ltr'>quare</span> <span class='ocrx_word' id='word_1_200' title='bbox 1255 1453 1358 1491; x_wconf 84' lang='lat' dir='ltr'>sine</span> <span class='ocrx_word' id='word_1_201' title='bbox 1396 1452 1495 1491; x_wconf 87' lang='lat' dir='ltr'>ullo</span> <span class='ocrx_word' id='word_1_202' title='bbox 1539 1453 1763 1502; x_wconf 80' lang='lat' dir='ltr'>scrupulo</span> <span class='ocrx_word' id='word_1_203' title='bbox 1803 1450 1846 1492; x_wconf 81' lang='grc' dir='ltr'>τὸ</span> 
     </span>
     <span class='ocr_line' id='line_1_23' title="bbox 263 1511 1846 1562; baseline 0.001 -12"><span class='ocrx_word' id='word_1_204' title='bbox 263 1513 496 1562; x_wconf 70' lang='lat' dir='ltr'>porphyreis</span> <span class='ocrx_word' id='word_1_205' title='bbox 526 1515 571 1551; x_wconf 89' lang='lat' dir='ltr'>ut</span> <span class='ocrx_word' id='word_1_206' title='bbox 597 1514 810 1561; x_wconf 75' lang='lat' dir='ltr'>yenuinam</span> <span class='ocrx_word' id='word_1_207' title='bbox 848 1515 882 1550; x_wconf 90' lang='lat' dir='ltr'>et</span> <span class='ocrx_word' id='word_1_208' title='bbox 910 1512 1177 1550; x_wconf 88' lang='lat' dir='ltr'>Horatianam</span> <span class='ocrx_word' id='word_1_209' title='bbox 1214 1513 1418 1550; x_wconf 83' lang='lat' dir='ltr'>dictionem</span> <span class='ocrx_word' id='word_1_210' title='bbox 1453 1513 1498 1550; x_wconf 91' lang='lat' dir='ltr'>in</span> <span class='ocrx_word' id='word_1_211' title='bbox 1536 1523 1612 1551; x_wconf 89' lang='lat' dir='ltr'>sua</span> <span class='ocrx_word' id='word_1_212' title='bbox 1650 1511 1740 1551; x_wconf 80' lang='lat' dir='ltr'>sede</span> <span class='ocrx_word' id='word_1_213' title='bbox 1767 1514 1846 1551; x_wconf 75' lang='lat' dir='ltr'>sta-</span> 
     </span>
     <span class='ocr_line' id='line_1_24' title="bbox 274 1571 1848 1621; baseline 0.001 -11"><span class='ocrx_word' id='word_1_214' title='bbox 274 1572 458 1610; x_wconf 80' lang='lat' dir='ltr'>tuendam</span> <span class='ocrx_word' id='word_1_215' title='bbox 481 1573 639 1620; x_wconf 84' lang='lat' dir='ltr'>putaui‚</span> <span class='ocrx_word' id='word_1_216' title='bbox 672 1572 863 1610; x_wconf 82' lang='lat' dir='ltr'>allusione</span> <span class='ocrx_word' id='word_1_217' title='bbox 894 1573 947 1610; x_wconf 83' lang='lat' dir='ltr'>ad</span> <span class='ocrx_word' id='word_1_218' title='bbox 971 1572 1143 1610; x_wconf 82' lang='lat' dir='ltr'>insulam</span> <span class='ocrx_word' id='word_1_219' title='bbox 1167 1571 1401 1621; x_wconf 73' lang='lat' dir='ltr'>Porphyrim</span> <span class='ocrx_word' id='word_1_220' title='bbox 1434 1571 1574 1610; x_wconf 88' lang='lat' dir='ltr'>Veneri</span> <span class='ocrx_word' id='word_1_221' title='bbox 1603 1583 1772 1618; x_wconf 81' lang='lat' dir='ltr'>sacram,</span> <span class='ocrx_word' id='word_1_222' title='bbox 1792 1573 1848 1610; x_wconf 76' lang='lat' dir='ltr'>&#39;ut</span> 
     </span>
     <span class='ocr_line' id='line_1_25' title="bbox 276 1630 1892 1681; baseline -0.001 -12"><span class='ocrx_word' id='word_1_223' title='bbox 276 1632 355 1669; x_wconf 88' lang='lat' dir='ltr'>sint</span> <span class='ocrx_word' id='word_1_224' title='bbox 377 1632 590 1681; x_wconf 73' lang='lat' dir='ltr'>porphyrei</span> <span class='ocrx_word' id='word_1_225' title='bbox 620 1632 754 1676; x_wconf 87' lang='lat' dir='ltr'>olores,</span> <span class='ocrx_word' id='word_1_226' title='bbox 785 1632 828 1669; x_wconf 82' lang='lat' dir='ltr'>icl</span> <span class='ocrx_word' id='word_1_227' title='bbox 859 1633 914 1669; x_wconf 85' lang='lat' dir='ltr'>est</span> <span class='ocrx_word' id='word_1_228' title='bbox 945 1631 1084 1670; x_wconf 87' lang='lat' dir='ltr'>Veneri</span> <span class='ocrx_word' id='word_1_229' title='bbox 1108 1632 1249 1669; x_wconf 85' lang='lat' dir='ltr'>sacri“.</span> <span class='ocrx_word' id='word_1_230' title='bbox 1312 1630 1520 1670; x_wconf 83' lang='lat' dir='ltr'>Combusti</span> <span class='ocrx_word' id='word_1_231' title='bbox 1552 1632 1668 1670; x_wconf 89' lang='lat' dir='ltr'>erant</span> <span class='ocrx_word' id='word_1_232' title='bbox 1693 1630 1848 1670; x_wconf 89' lang='lat' dir='ltr'>codices</span> <span class='ocrx_word' id='word_1_233' title='bbox 1890 1662 1892 1668; x_wconf 80' lang='grc'>,</span> 
     </span>
     <span class='ocr_line' id='line_1_26' title="bbox 272 1690 1843 1730; baseline 0.003 -2"><span class='ocrx_word' id='word_1_234' title='bbox 272 1690 479 1729; x_wconf 89' lang='lat' dir='ltr'>Blandinii</span> <span class='ocrx_word' id='word_1_235' title='bbox 510 1703 546 1729; x_wconf 88' lang='lat' dir='ltr'>a.</span> <span class='ocrx_word' id='word_1_236' title='bbox 581 1692 704 1730; x_wconf 86' lang='grc'><strong>1566.</strong></span> <span class='ocrx_word' id='word_1_237' title='bbox 1840 1691 1843 1694; x_wconf 55' lang='grc'><strong>”</strong></span> 
     </span>
    </p>

    <p class='ocr_par' dir='ltr' id='par_1_5' title="bbox 271 1749 1844 1860">
     <span class='ocr_line' id='line_1_27' title="bbox 388 1749 1844 1800; baseline 0 -12"><span class='ocrx_word' id='word_1_238' title='bbox 388 1749 464 1788; x_wconf 85' lang='lat' dir='ltr'>Cui</span> <span class='ocrx_word' id='word_1_239' title='bbox 493 1750 557 1788; x_wconf 87' lang='lat' dir='ltr'>hic</span> <span class='ocrx_word' id='word_1_240' title='bbox 588 1751 700 1789; x_wconf 92' lang='lat' dir='ltr'>locus</span> <span class='ocrx_word' id='word_1_241' title='bbox 732 1750 779 1789; x_wconf 89' lang='lat' dir='ltr'>de</span> <span class='ocrx_word' id='word_1_242' title='bbox 810 1749 959 1789; x_wconf 86' lang='lat' dir='ltr'>friuola</span> <span class='ocrx_word' id='word_1_243' title='bbox 990 1762 1036 1788; x_wconf 91' lang='lat' dir='ltr'>ac</span> <span class='ocrx_word' id='word_1_244' title='bbox 1067 1751 1253 1799; x_wconf 85' lang='lat' dir='ltr'>suspecta</span> <span class='ocrx_word' id='word_1_245' title='bbox 1284 1749 1454 1800; x_wconf 82' lang='lat' dir='ltr'>Oruquii</span> <span class='ocrx_word' id='word_1_246' title='bbox 1485 1749 1561 1789; x_wconf 90' lang='lat' dir='ltr'>fide</span> <span class='ocrx_word' id='word_1_247' title='bbox 1593 1749 1732 1789; x_wconf 87' lang='lat' dir='ltr'>oculos</span> <span class='ocrx_word' id='word_1_248' title='bbox 1763 1762 1844 1789; x_wconf 85' lang='lat' dir='ltr'>non</span> 
     </span>
     <span class='ocr_line' id='line_1_28' title="bbox 271 1809 1697 1860; baseline 0.001 -12"><span class='ocrx_word' id='word_1_249' title='bbox 271 1810 485 1860; x_wconf 87' lang='lat' dir='ltr'>aperuerit,</span> <span class='ocrx_word' id='word_1_250' title='bbox 518 1823 610 1848; x_wconf 90' lang='lat' dir='ltr'>eum</span> <span class='ocrx_word' id='word_1_251' title='bbox 641 1809 773 1849; x_wconf 90' lang='lat' dir='ltr'>doceri</span> <span class='ocrx_word' id='word_1_252' title='bbox 802 1821 917 1859; x_wconf 88' lang='lat' dir='ltr'>posse</span> <span class='ocrx_word' id='word_1_253' title='bbox 950 1809 1110 1848; x_wconf 91' lang='lat' dir='ltr'>omnino</span> <span class='ocrx_word' id='word_1_254' title='bbox 1143 1809 1435 1859; x_wconf 88' lang='lat' dir='ltr'>desperandum</span> <span class='ocrx_word' id='word_1_255' title='bbox 1464 1809 1639 1850; x_wconf 86' lang='lat' dir='ltr'>uidetur.</span> <span class='ocrx_word' id='word_1_256' title='bbox 1682 1810 1697 1826; x_wconf 77' lang='lat'>⁸·</span> 
     </span>
    </p>

    <p class='ocr_par' dir='ltr' id='par_1_6' title="bbox 269 1867 1846 2097">
     <span class='ocr_line' id='line_1_29' title="bbox 386 1867 1844 1919; baseline 0.001 -12"><span class='ocrx_word' id='word_1_257' title='bbox 386 1869 446 1908; x_wconf 91' lang='lat' dir='ltr'>De</span> <span class='ocrx_word' id='word_1_258' title='bbox 483 1869 674 1908; x_wconf 89' lang='lat' dir='ltr'>uniuersa</span> <span class='ocrx_word' id='word_1_259' title='bbox 706 1868 940 1919; x_wconf 85' lang='lat' dir='ltr'>quaestione</span> <span class='ocrx_word' id='word_1_260' title='bbox 971 1868 1240 1907; x_wconf 88' lang='lat' dir='ltr'>Blandiniana</span> <span class='ocrx_word' id='word_1_261' title='bbox 1270 1869 1342 1907; x_wconf 88' lang='lat' dir='ltr'>has</span> <span class='ocrx_word' id='word_1_262' title='bbox 1373 1869 1456 1907; x_wconf 87' lang='lat' dir='ltr'>fere</span> <span class='ocrx_word' id='word_1_263' title='bbox 1488 1867 1844 1908; x_wconf 82' lang='lat' dir='ltr'>commentationes</span> 
     </span>
     <span class='ocr_line' id='line_1_30' title="bbox 269 1927 1845 1978; baseline 0.001 -13"><span class='ocrx_word' id='word_1_264' title='bbox 269 1928 536 1978; x_wconf 87' lang='lat' dir='ltr'>inspiciendas</span> <span class='ocrx_word' id='word_1_265' title='bbox 578 1941 660 1967; x_wconf 86' lang='lat' dir='ltr'>esse</span> <span class='ocrx_word' id='word_1_266' title='bbox 701 1940 925 1966; x_wconf 87' lang='lat' dir='ltr'>censemus:</span> <span class='ocrx_word' id='word_1_267' title='bbox 967 1927 1011 1967; x_wconf 80' lang='lat' dir='ltr'>F.</span> <span class='ocrx_word' id='word_1_268' title='bbox 1031 1927 1253 1978; x_wconf 83' lang='lat' dir='ltr'>Matthias,</span> <span class='ocrx_word' id='word_1_269' title='bbox 1292 1928 1576 1978; x_wconf 86' lang='lat' dir='ltr'>quaestionum</span> <span class='ocrx_word' id='word_1_270' title='bbox 1611 1927 1845 1967; x_wconf 81' lang='lat' dir='ltr'>Blandinia-</span> 
     </span>
     <span class='ocr_line' id='line_1_31' title="bbox 271 1986 1844 2038; baseline 0.001 -13"><span class='ocrx_word' id='word_1_271' title='bbox 271 2000 414 2026; x_wconf 89' lang='lat' dir='ltr'>narum</span> <span class='ocrx_word' id='word_1_272' title='bbox 445 1988 580 2038; x_wconf 87' lang='lat' dir='ltr'>capita</span> <span class='ocrx_word' id='word_1_273' title='bbox 609 1987 701 2038; x_wconf 85' lang='lat' dir='ltr'>tria,</span> <span class='ocrx_word' id='word_1_274' title='bbox 734 1987 826 2025; x_wconf 85' lang='lat' dir='ltr'>diss.</span> <span class='ocrx_word' id='word_1_275' title='bbox 857 1987 949 2025; x_wconf 89' lang='lat' dir='ltr'>Hal.</span> <span class='ocrx_word' id='word_1_276' title='bbox 982 1986 1124 2026; x_wconf 85' lang='lat' dir='ltr'>Saxon.</span> <span class='ocrx_word' id='word_1_277' title='bbox 1153 1989 1278 2026; x_wconf 83' lang='lat'>1882.</span> <span class='ocrx_word' id='word_1_278' title='bbox 1342 1988 1402 2025; x_wconf 90' lang='lat' dir='ltr'>W.</span> <span class='ocrx_word' id='word_1_279' title='bbox 1428 1988 1585 2038; x_wconf 87' lang='lat' dir='ltr'>Mewes,</span> <span class='ocrx_word' id='word_1_280' title='bbox 1617 1987 1666 2026; x_wconf 89' lang='lat' dir='ltr'>de</span> <span class='ocrx_word' id='word_1_281' title='bbox 1697 1987 1844 2027; x_wconf 86' lang='lat' dir='ltr'>codicis</span> 
     </span>
     <span class='ocr_line' id='line_1_32' title="bbox 270 2046 1846 2097; baseline 0.001 -13"><span class='ocrx_word' id='word_1_282' title='bbox 270 2047 502 2097; x_wconf 80' lang='lat' dir='ltr'>Horatiaui,</span> <span class='ocrx_word' id='word_1_283' title='bbox 542 2047 613 2097; x_wconf 92' lang='lat' dir='ltr'>qui</span> <span class='ocrx_word' id='word_1_284' title='bbox 643 2046 784 2084; x_wconf 86' lang='lat' dir='ltr'>Bland.</span> <span class='ocrx_word' id='word_1_285' title='bbox 816 2046 1116 2085; x_wconf 88' lang='lat' dir='ltr'>uetustissimus</span> <span class='ocrx_word' id='word_1_286' title='bbox 1148 2047 1330 2097; x_wconf 88' lang='lat' dir='ltr'>uocatur,</span> <span class='ocrx_word' id='word_1_287' title='bbox 1367 2048 1515 2085; x_wconf 83' lang='lat' dir='ltr'>natura</span> <span class='ocrx_word' id='word_1_288' title='bbox 1546 2048 1669 2097; x_wconf 89' lang='lat' dir='ltr'>atque</span> <span class='ocrx_word' id='word_1_289' title='bbox 1700 2046 1846 2087; x_wconf 84' lang='lat' dir='ltr'>indole.</span> 
     </span>
    </p>
   </div>
   <div class='ocr_carea' id='block_1_5' title="bbox 270 2100 1846 2219">
    <p class='ocr_par' dir='ltr' id='par_1_7' title="bbox 270 2100 1846 2219">
     <span class='ocr_line' id='line_1_33' title="bbox 271 2100 1846 2159; baseline 0.001 -16"><span class='ocrx_word' id='word_1_290' title='bbox 271 2106 399 2144; x_wconf 90' lang='lat' dir='ltr'>Berol.</span> <span class='ocrx_word' id='word_1_291' title='bbox 433 2118 462 2144; x_wconf 89' lang='lat' dir='ltr'>s.</span> <span class='ocrx_word' id='word_1_292' title='bbox 496 2118 530 2144; x_wconf 90' lang='lat' dir='ltr'>a.</span> <span class='ocrx_word' id='word_1_293' title='bbox 567 2100 707 2159; x_wconf 84' lang='lat' dir='ltr'>(quem</span> <span class='ocrx_word' id='word_1_294' title='bbox 739 2105 900 2154; x_wconf 90' lang='lat' dir='ltr'>quidem</span> <span class='ocrx_word' id='word_1_295' title='bbox 930 2105 1113 2144; x_wconf 91' lang='lat' dir='ltr'>libellum</span> <span class='ocrx_word' id='word_1_296' title='bbox 1144 2105 1342 2144; x_wconf 83' lang='lat' dir='ltr'>erroribus</span> <span class='ocrx_word' id='word_1_297' title='bbox 1374 2108 1415 2144; x_wconf 90' lang='lat' dir='ltr'>et</span> <span class='ocrx_word' id='word_1_298' title='bbox 1446 2106 1599 2145; x_wconf 88' lang='lat' dir='ltr'>mendis</span> <span class='ocrx_word' id='word_1_299' title='bbox 1630 2106 1846 2145; x_wconf 88' lang='lat' dir='ltr'>admodum</span> 
     </span>
     <span class='ocr_line' id='line_1_34' title="bbox 270 2159 1845 2219; baseline 0.001 -17"><span class='ocrx_word' id='word_1_300' title='bbox 270 2165 452 2203; x_wconf 88' lang='lat' dir='ltr'>laborare</span> <span class='ocrx_word' id='word_1_301' title='bbox 479 2165 588 2204; x_wconf 85' lang='lat' dir='ltr'>Rich.</span> <span class='ocrx_word' id='word_1_302' title='bbox 614 2159 823 2218; x_wconf 73' lang='lat' dir='ltr'>Kukulal)</span> <span class='ocrx_word' id='word_1_303' title='bbox 854 2164 992 2215; x_wconf 87' lang='lat' dir='ltr'>philol.</span> <span class='ocrx_word' id='word_1_304' title='bbox 1017 2165 1261 2203; x_wconf 82' lang='lat' dir='ltr'>Rundsehau</span> <span class='ocrx_word' id='word_1_305' title='bbox 1292 2165 1333 2203; x_wconf 94' lang='lat' dir='ltr'>II</span> <span class='ocrx_word' id='word_1_306' title='bbox 1358 2178 1415 2203; x_wconf 90' lang='lat' dir='ltr'>nr.</span> <span class='ocrx_word' id='word_1_307' title='bbox 1444 2167 1498 2204; x_wconf 86' lang='lat'>32</span> <span class='ocrx_word' id='word_1_308' title='bbox 1532 2159 1845 2219; x_wconf 82' lang='lat' dir='ltr'>demonstrauit)</span> 
     </span>
    </p>
   </div>
   <div class='ocr_carea' id='block_1_6' title="bbox 272 2220 1846 2691">
    <p class='ocr_par' dir='ltr' id='par_1_8' title="bbox 272 2220 1846 2691">
     <span class='ocr_line' id='line_1_35' title="bbox 273 2220 1844 2263; baseline 0.001 -1"><span class='ocrx_word' id='word_1_309' title='bbox 273 2226 314 2262; x_wconf 87' lang='lat' dir='ltr'>et</span> <span class='ocrx_word' id='word_1_310' title='bbox 351 2220 466 2263; x_wconf 58' lang='lat' dir='ltr'>“iiber</span> <span class='ocrx_word' id='word_1_311' title='bbox 497 2224 573 2262; x_wconf 91' lang='lat' dir='ltr'>den</span> <span class='ocrx_word' id='word_1_312' title='bbox 603 2224 745 2262; x_wconf 89' lang='lat' dir='ltr'>Werth</span> <span class='ocrx_word' id='word_1_313' title='bbox 783 2224 851 2262; x_wconf 88' lang='lat' dir='ltr'>des</span> <span class='ocrx_word' id='word_1_314' title='bbox 887 2224 971 2263; x_wconf 90' lang='lat' dir='ltr'>cod.</span> <span class='ocrx_word' id='word_1_315' title='bbox 1003 2224 1145 2262; x_wconf 88' lang='lat' dir='ltr'>Bland.</span> <span class='ocrx_word' id='word_1_316' title='bbox 1176 2224 1478 2263; x_wconf 88' lang='lat' dir='ltr'>uetustissimus</span> <span class='ocrx_word' id='word_1_317' title='bbox 1508 2224 1577 2263; x_wconf 79' lang='lat' dir='ltr'>fiir</span> <span class='ocrx_word' id='word_1_318' title='bbox 1612 2223 1676 2263; x_wconf 90' lang='lat' dir='ltr'>die</span> <span class='ocrx_word' id='word_1_319' title='bbox 1707 2223 1844 2263; x_wconf 80' lang='lat' dir='ltr'>Kritik</span> 
     </span>
     <span class='ocr_line' id='line_1_36' title="bbox 273 2280 1844 2336; baseline 0.001 -15"><span class='ocrx_word' id='word_1_320' title='bbox 273 2283 340 2322; x_wconf 89' lang='lat' dir='ltr'>des</span> <span class='ocrx_word' id='word_1_321' title='bbox 371 2280 531 2335; x_wconf 87' lang='lat' dir='ltr'>Horaz&#39;,</span> <span class='ocrx_word' id='word_1_322' title='bbox 562 2283 663 2322; x_wconf 90' lang='lat' dir='ltr'>Beil.</span> <span class='ocrx_word' id='word_1_323' title='bbox 695 2297 725 2323; x_wconf 84' lang='lat' dir='ltr'>z,</span> <span class='ocrx_word' id='word_1_324' title='bbox 751 2283 888 2334; x_wconf 91' lang='lat' dir='ltr'>Progr.</span> <span class='ocrx_word' id='word_1_325' title='bbox 915 2283 983 2322; x_wconf 89' lang='lat' dir='ltr'>des</span> <span class='ocrx_word' id='word_1_326' title='bbox 1007 2283 1522 2323; x_wconf 86' lang='lat' dir='ltr'>Friedrich-Werderschen</span> <span class='ocrx_word' id='word_1_327' title='bbox 1548 2283 1844 2336; x_wconf 68' lang='lat' dir='ltr'>Gymnasium,</span> 
     </span>
     <span class='ocr_line' id='line_1_37' title="bbox 272 2342 1846 2394; baseline 0.001 -14"><span class='ocrx_word' id='word_1_328' title='bbox 272 2342 410 2380; x_wconf 89' lang='lat' dir='ltr'>Berlin</span> <span class='ocrx_word' id='word_1_329' title='bbox 439 2344 564 2381; x_wconf 83' lang='lat'>1882.</span> <span class='ocrx_word' id='word_1_330' title='bbox 614 2343 657 2381; x_wconf 92' lang='lat' dir='ltr'>P.</span> <span class='ocrx_word' id='word_1_331' title='bbox 684 2343 813 2394; x_wconf 69' lang='lat' dir='ltr'>Hohn,</span> <span class='ocrx_word' id='word_1_332' title='bbox 845 2342 893 2381; x_wconf 90' lang='lat' dir='ltr'>de</span> <span class='ocrx_word' id='word_1_333' title='bbox 924 2342 1058 2381; x_wconf 91' lang='lat' dir='ltr'>codice</span> <span class='ocrx_word' id='word_1_334' title='bbox 1083 2343 1297 2381; x_wconf 89' lang='lat' dir='ltr'>Blandinio</span> <span class='ocrx_word' id='word_1_335' title='bbox 1324 2343 1618 2394; x_wconf 86' lang='lat' dir='ltr'>antiquissimo,</span> <span class='ocrx_word' id='word_1_336' title='bbox 1645 2343 1846 2383; x_wconf 81' lang='lat' dir='ltr'>dissertat.</span> 
     </span>
     <span class='ocr_line' id='line_1_38' title="bbox 272 2402 1846 2454; baseline 0.001 -14"><span class='ocrx_word' id='word_1_337' title='bbox 272 2402 355 2440; x_wconf 92' lang='lat' dir='ltr'>Ien.</span> <span class='ocrx_word' id='word_1_338' title='bbox 390 2403 523 2453; x_wconf 85' lang='lat'>1883;</span> <span class='ocrx_word' id='word_1_339' title='bbox 561 2402 745 2452; x_wconf 78' lang='lat' dir='ltr'>inprimis</span> <span class='ocrx_word' id='word_1_340' title='bbox 776 2415 873 2440; x_wconf 88' lang='lat' dir='ltr'>uero</span> <span class='ocrx_word' id='word_1_341' title='bbox 906 2402 982 2441; x_wconf 90' lang='lat' dir='ltr'>Ios.</span> <span class='ocrx_word' id='word_1_342' title='bbox 1012 2402 1228 2454; x_wconf 70' lang='lat' dir='ltr'>Haussner,</span> <span class='ocrx_word' id='word_1_343' title='bbox 1262 2402 1464 2453; x_wconf 85' lang='lat' dir='ltr'>Cruquius</span> <span class='ocrx_word' id='word_1_344' title='bbox 1493 2403 1578 2441; x_wconf 90' lang='lat' dir='ltr'>und</span> <span class='ocrx_word' id='word_1_345' title='bbox 1607 2402 1671 2442; x_wconf 87' lang='lat' dir='ltr'>die</span> <span class='ocrx_word' id='word_1_346' title='bbox 1696 2402 1846 2443; x_wconf 76' lang='lat' dir='ltr'>Hora-z-</span> 
     </span>
     <span class='ocr_line' id='line_1_39' title="bbox 272 2460 1845 2513; baseline 0.001 -14"><span class='ocrx_word' id='word_1_347' title='bbox 272 2461 411 2513; x_wconf 83' lang='lat' dir='ltr'>kritik,</span> <span class='ocrx_word' id='word_1_348' title='bbox 442 2462 638 2500; x_wconf 86' lang='lat' dir='ltr'>Bruchsal</span> <span class='ocrx_word' id='word_1_349' title='bbox 672 2463 797 2500; x_wconf 86' lang='lat'>1884.</span> <span class='ocrx_word' id='word_1_350' title='bbox 858 2460 1024 2500; x_wconf 88' lang='lat' dir='ltr'>Accedit</span> <span class='ocrx_word' id='word_1_351' title='bbox 1055 2462 1163 2512; x_wconf 82' lang='lat' dir='ltr'>quod</span> <span class='ocrx_word' id='word_1_352' title='bbox 1194 2462 1352 2500; x_wconf 89' lang='lat' dir='ltr'>easdem</span> <span class='ocrx_word' id='word_1_353' title='bbox 1383 2462 1638 2512; x_wconf 85' lang='lat' dir='ltr'>quaestiones</span> <span class='ocrx_word' id='word_1_354' title='bbox 1661 2462 1706 2501; x_wconf 88' lang='lat' dir='ltr'>in</span> <span class='ocrx_word' id='word_1_355' title='bbox 1730 2462 1845 2502; x_wconf 89' lang='lat' dir='ltr'>semi-</span> 
     </span>
     <span class='ocr_line' id='line_1_40' title="bbox 273 2519 1845 2573; baseline 0.001 -15"><span class='ocrx_word' id='word_1_356' title='bbox 273 2520 386 2560; x_wconf 87' lang='lat' dir='ltr'>nario</span> <span class='ocrx_word' id='word_1_357' title='bbox 418 2521 660 2572; x_wconf 86' lang='lat' dir='ltr'>philologico</span> <span class='ocrx_word' id='word_1_358' title='bbox 687 2520 881 2572; x_wconf 87' lang='lat' dir='ltr'>Pragensi</span> <span class='ocrx_word' id='word_1_359' title='bbox 907 2519 1070 2570; x_wconf 89' lang='lat' dir='ltr'>optimis</span> <span class='ocrx_word' id='word_1_360' title='bbox 1099 2520 1306 2571; x_wconf 88' lang='lat' dir='ltr'>discipulis</span> <span class='ocrx_word' id='word_1_361' title='bbox 1331 2521 1479 2561; x_wconf 89' lang='lat' dir='ltr'>iterum</span> <span class='ocrx_word' id='word_1_362' title='bbox 1509 2522 1736 2573; x_wconf 86' lang='lat' dir='ltr'>iterumque</span> <span class='ocrx_word' id='word_1_363' title='bbox 1767 2521 1845 2560; x_wconf 89' lang='lat' dir='ltr'>dis-</span> 
     </span>
     <span class='ocr_line' id='line_1_41' title="bbox 273 2579 1846 2631; baseline 0.001 -13"><span class='ocrx_word' id='word_1_364' title='bbox 273 2579 478 2619; x_wconf 89' lang='lat' dir='ltr'>cutiendas</span> <span class='ocrx_word' id='word_1_365' title='bbox 516 2580 726 2631; x_wconf 84' lang='lat' dir='ltr'>proposui,</span> <span class='ocrx_word' id='word_1_366' title='bbox 764 2579 835 2630; x_wconf 89' lang='lat' dir='ltr'>qui</span> <span class='ocrx_word' id='word_1_367' title='bbox 872 2582 913 2618; x_wconf 90' lang='lat' dir='ltr'>et</span> <span class='ocrx_word' id='word_1_368' title='bbox 944 2579 1121 2630; x_wconf 80' lang='lat' dir='ltr'>Cruquio</span> <span class='ocrx_word' id='word_1_369' title='bbox 1153 2593 1342 2631; x_wconf 85' lang='lat' dir='ltr'>magnam</span> <span class='ocrx_word' id='word_1_370' title='bbox 1373 2580 1491 2620; x_wconf 88' lang='lat' dir='ltr'>fidem</span> <span class='ocrx_word' id='word_1_371' title='bbox 1521 2581 1773 2620; x_wconf 83' lang='lat' dir='ltr'>tribuendam</span> <span class='ocrx_word' id='word_1_372' title='bbox 1804 2582 1846 2620; x_wconf 86' lang='lat' dir='ltr'>et</span> 
     </span>
     <span class='ocr_line' id='line_1_42' title="bbox 272 2639 1844 2691; baseline 0.002 -14"><span class='ocrx_word' id='word_1_373' title='bbox 272 2639 447 2679; x_wconf 87' lang='lat' dir='ltr'>codicem</span> <span class='ocrx_word' id='word_1_374' title='bbox 477 2639 515 2677; x_wconf 91' lang='lat' dir='ltr'><strong>V</strong></span> <span class='ocrx_word' id='word_1_375' title='bbox 546 2639 588 2678; x_wconf 90' lang='lat' dir='ltr'>in</span> <span class='ocrx_word' id='word_1_376' title='bbox 619 2639 1056 2690; x_wconf 85' lang='lat' dir='ltr'>praestantissimorum</span> <span class='ocrx_word' id='word_1_377' title='bbox 1087 2639 1268 2678; x_wconf 87' lang='lat' dir='ltr'>codicum</span> <span class='ocrx_word' id='word_1_378' title='bbox 1298 2653 1463 2679; x_wconf 86' lang='lat' dir='ltr'>numero</span> <span class='ocrx_word' id='word_1_379' title='bbox 1500 2641 1730 2691; x_wconf 89' lang='lat' dir='ltr'>ponendum</span> <span class='ocrx_word' id='word_1_380' title='bbox 1760 2653 1844 2680; x_wconf 88' lang='lat' dir='ltr'>esse</span> 
     </span>
    </p>
   </div>
   <div class='ocr_carea' id='block_1_7' title="bbox 275 2744 559 2750">
    <p class='ocr_par' dir='ltr' id='par_1_9' title="bbox 275 2744 559 2750">
     <span class='ocr_line' id='line_1_43' title="bbox 275 2744 559 2750; baseline 0 0"><span class='ocrx_word' id='word_1_381' title='bbox 275 2744 559 2750; x_wconf 95' lang='lat' dir='ltr'> </span> 
     </span>
    </p>
   </div>
   <div class='ocr_carea' id='block_1_8' title="bbox 269 2798 1846 2980">
    <p class='ocr_par' dir='ltr' id='par_1_10' title="bbox 269 2798 1846 2980">
     <span class='ocr_line' id='line_1_44' title="bbox 392 2798 1846 2848; baseline 0.001 -13"><span class='ocrx_word' id='word_1_382' title='bbox 392 2803 426 2846; x_wconf 91' lang='lat'>1)</span> <span class='ocrx_word' id='word_1_383' title='bbox 459 2802 567 2836; x_wconf 90' lang='lat' dir='ltr'>Hunc</span> <span class='ocrx_word' id='word_1_384' title='bbox 604 2800 859 2837; x_wconf 85' lang='lat' dir='ltr'>bibliothecae</span> <span class='ocrx_word' id='word_1_385' title='bbox 883 2798 1131 2848; x_wconf 88' lang='lat' dir='ltr'>Pragensis</span> <span class='ocrx_word' id='word_1_386' title='bbox 1155 2799 1388 2847; x_wconf 86' lang='lat' dir='ltr'>praefectum</span> <span class='ocrx_word' id='word_1_387' title='bbox 1413 2799 1657 2847; x_wconf 85' lang='lat' dir='ltr'>(Richardum</span> <span class='ocrx_word' id='word_1_388' title='bbox 1681 2799 1846 2848; x_wconf 83' lang='lat' dir='ltr'>Kulmla)</span> 
     </span>
     <span class='ocr_line' id='line_1_45' title="bbox 272 2847 1846 2894; baseline 0 -11"><span class='ocrx_word' id='word_1_389' title='bbox 272 2847 351 2884; x_wconf 91' lang='lat' dir='ltr'>noli</span> <span class='ocrx_word' id='word_1_390' title='bbox 389 2849 616 2884; x_wconf 84' lang='lat' dir='ltr'>confundere</span> <span class='ocrx_word' id='word_1_391' title='bbox 655 2861 739 2885; x_wconf 91' lang='lat' dir='ltr'>cum</span> <span class='ocrx_word' id='word_1_392' title='bbox 770 2849 977 2894; x_wconf 87' lang='lat' dir='ltr'>professore</span> <span class='ocrx_word' id='word_1_393' title='bbox 1009 2849 1197 2884; x_wconf 86' lang='lat' dir='ltr'>Richardo</span> <span class='ocrx_word' id='word_1_394' title='bbox 1231 2848 1402 2884; x_wconf 86' lang='lat' dir='ltr'>Cornelio</span> <span class='ocrx_word' id='word_1_395' title='bbox 1436 2849 1598 2893; x_wconf 85' lang='lat' dir='ltr'>Kukula,</span> <span class='ocrx_word' id='word_1_396' title='bbox 1635 2848 1702 2894; x_wconf 89' lang='lat' dir='ltr'>qui</span> <span class='ocrx_word' id='word_1_397' title='bbox 1732 2848 1846 2883; x_wconf 82' lang='lat' dir='ltr'>Blan-</span> 
     </span>
     <span class='ocr_line' id='line_1_46' title="bbox 269 2895 1846 2980; baseline 0.001 -50"><span class='ocrx_word' id='word_1_398' title='bbox 269 2895 658 2980; x_wconf 51' lang='grc' dir='ltr'>ἓὲἓὲῗτὲῗὲἃὲἕξίἓὲζῃ</span> <span class='ocrx_word' id='word_1_399' title='bbox 690 2896 952 2932; x_wconf 81' lang='lat' dir='ltr'>excellentiam</span> <span class='ocrx_word' id='word_1_400' title='bbox 978 2896 1244 2943; x_wconf 85' lang='lat' dir='ltr'>intempestiua</span> <span class='ocrx_word' id='word_1_401' title='bbox 1270 2896 1435 2941; x_wconf 87' lang='lat' dir='ltr'>quadam</span> <span class='ocrx_word' id='word_1_402' title='bbox 1464 2895 1846 2932; x_wconf 79' lang='lat' dir='ltr'>commentatiuncula</span> 
     </span>
    </p>
   </div>
  </div>
 </body>
</html>
