2002 3224
816 159 905 196 ΠΒ.
925 160 953 197 Ι,
981 163 1120 194 22—23
1696 157 1754 199 59

562 285 636 313 nec
667 273 786 313 lubae
818 272 937 312 tellus
969 276 1149 325 generat,
1181 270 1341 311 leonum
1716 277 1759 309 15

618 345 727 384 arida
762 346 910 384 nutrix.

558 429 661 470 pone
693 429 775 471 me,
807 418 933 469 pigris
965 415 1035 456 ubi
1066 415 1174 455 nulla
1206 416 1356 467 campis

557 489 675 529 arbor
706 490 858 528 aestiua
891 492 1096 528 recreatur
1129 500 1242 540 aura,

558 561 662 614 quod
695 560 797 600 latus
829 560 968 600 mundi
999 559 1166 599 nebulae
1199 557 1405 611 malusque

616 631 794 684 Iuppiter
828 636 959 685 urget3
1716 637 1762 668 20

558 716 660 756 pone
694 703 767 743 sub
896 716 922 743 u
954 704 1121 743 nimium
1154 703 1372 754 propinqui

558 775 654 815 solis
686 777 728 815 in
760 781 776 815 t
823 788 867 815 ra
898 774 1082 814 domibus
1114 778 1273 826 negata:

559 847 673 887 dulce
706 847 902 887 ridentem
934 846 1105 899 Lalagen
1137 845 1296 899 amabo,

619 917 733 957 dulce
766 917 1006 969 loquentem.

884 1127 1060 1175 XXIII.

558 1222 664 1262 Vitas
697 1221 828 1261 inuleo
861 1235 924 1262 me
958 1222 1119 1277 similis,
1153 1222 1293 1276 Chloe,

312 1361 360 1397 15
377 1373 429 1406 sq.
457 1359 664 1407 θρέπτειρα
691 1359 850 1397 λεόντων
875 1360 1043 1408 Phrygia.
1062 1361 1200 1397 dicitur
1219 1361 1258 1397 in
1278 1361 1337 1408 epi
1369 1375 1396 1398 r.
1418 1362 1545 1408 adesp.
1569 1366 1636 1397 174
1663 1362 1763 1407 apud

186 1409 245 1445 Br.
270 1409 368 1444 anal.
389 1409 442 1444 III
466 1421 502 1454 p.
527 1412 593 1443 184
667 1409 715 1445 17
732 1421 785 1454 sq.
812 1410 855 1445 T:
881 1409 1021 1446 Victor.
1041 1421 1078 1455 p.
1100 1413 1168 1445 157
1249 1410 1314 1446 17.
1367 1409 1388 1445 1
1418 1410 1460 1446 S:
1488 1410 1571 1446 Sen.
1592 1409 1681 1445 dial.
1696 1410 1764 1444 VII

186 1457 235 1492 ad
262 1456 476 1492 Gallionem
507 1457 552 1492 de
579 1456 660 1492 uita
685 1456 800 1492 beata
826 1460 888 1502 25,
910 1461 948 1493 1:
986 1468 1099 1503 pone
1137 1457 1177 1492 in
1212 1457 1500 1503 opulentissima
1537 1468 1602 1493 me
1641 1458 1763 1502 domo,

185 1515 301 1550 pone
328 1504 407 1540 ubi
432 1515 566 1540 aurum
592 1506 866 1550 argentumque
891 1504 931 1539 in
955 1505 1167 1550 promiscuo
1194 1505 1260 1542 sit:
1292 1517 1368 1542 non
1399 1505 1604 1551 suspiciam
1629 1517 1689 1540 me
1716 1505 1764 1540 ob

185 1553 278 1598 ista,
305 1563 403 1598 quae
430 1552 583 1588 etiamsi
609 1552 707 1598 apud
735 1563 812 1597 me,
845 1553 952 1588 extra
979 1564 1038 1588 me
1064 1555 1193 1589 tamen
1219 1555 1306 1589 sunt
1428 1554 1478 1590 19
1492 1566 1546 1599 sq.
1586 1554 1627 1591 S:
1668 1553 1762 1589 Stat.

184 1599 253 1636 Th.
269 1582 307 1635 X
335 1603 423 1637 374:
449 1600 572 1635 malus
598 1599 767 1646 Iuppiter
798 1601 809 1646 ΙΙ
839 1600 977 1636 Lucan.
998 1601 1068 1635 IIII
1095 1604 1162 1636 106
1178 1613 1249 1646 sq:
1282 1601 1414 1637 mundi
1437 1613 1526 1648 pars
1551 1601 1628 1637 ima
1652 1600 1764 1646 iacet,

185 1659 301 1693 quam
327 1659 422 1683 zona
447 1647 587 1683 niualis
613 1649 893 1693 perpetuaeque
918 1650 1095 1693 premunt
1119 1649 1261 1685 hiemes
1293 1652 1304 1695 ΙΙ
1328 1649 1412 1686 Val.
1434 1649 1525 1685 F1.1
1552 1653 1620 1685 512
1636 1661 1689 1694 sq.
1718 1650 1763 1684 de

187 1696 294 1732 Ioue:
321 1695 516 1731 horridas
502 1707 615 1731 saeuo
642 1706 739 1740 quae
764 1695 903 1757 premis
929 1706 1022 1731 arua
1047 1696 1135 1742 gelu
1242 1696 1292 1732 20
1325 1697 1368 1734 S:
1400 1697 1538 1733 Herod.
1557 1698 1575 1732 I
1602 1701 1686 1733 142:
1719 1697 1765 1733 τὰ

186 1743 256 1789 μὲν
282 1743 356 1780 ὑπὸ
384 1749 449 1779 τοῦ
475 1749 624 1789 ψυχροῦ
650 1756 688 1779 τε
715 1743 779 1779 καὶ
805 1745 920 1789 ὑγροῦ
946 1743 1147 1790 πιεζόμενα
1245 1744 1295 1780 22
1323 1745 1365 1782 S:
1393 1744 1600 1790 Cyprianus
1620 1745 1766 1791 heptat.

187 1791 381 1827 deuteron.
402 1803 436 1827 u.
461 1795 524 1827 37.
550 1791 727 1826 informes
747 1791 890 1826 heremi
910 1793 1029 1827 terras
1056 1791 1344 1837 domibusque
1369 1794 1563 1838 negatas
1649 1792 1700 1828 23
1721 1793 1764 1830 S:

187 1838 328 1885 Sapph.
350 1839 394 1875 fr.
416 1843 448 1885 3,
469 1843 538 1874 3—
543 1839 636 1875 5B.:
664 1834 749 1874 ἆδυ
776 1841 1006 1885 φωνείσας
1031 1840 1227 1884 ὑπακούει,
1254 1840 1320 1876 καὶ
1344 1841 1560 1886 ’γελαίσας
1586 1839 1734 1886 ἱμερόεν
1754 1841 1765 1886 {l

188 1886 343 1923 Theoer.
364 1898 477 1923 carm.
497 1887 592 1923 aeol.
613 1889 687 1933 (30)
708 1891 746 1923 6:
785 1886 888 1922 ἅπαν
921 1893 1030 1923 τοῦτο
1062 1886 1228 1934 χάρισμ’,
1261 1889 1308 1923 αἴ
1338 1902 1374 1923 τι
1404 1888 1595 1935 παραύαις
1627 1889 1764 1934 γλύκυ

184 1936 365 1980 μειδίαι
403 1936 414 1981 ΙΙ
452 1934 588 1971 Catuli
610 1939 672 1978 51
694 1939 731 1971 5:
771 1935 879 1970 dulce
905 1935 1091 1970 ridentem
1128 1937 1140 1982 Η
1178 1937 1285 1972 Hom.
1307 1935 1374 1972 Od
1397 1936 1464 1971 XX
1491 1939 1576 1972 358:
1606 1935 1725 1981 ἡδὺν
1730 1934 1766 1971 έ-

185 1985 325 2019 λασσαν
344 1984 356 2029 ΙΙ
375 1982 434 2028 Ap
437 1983 485 2019 ul
506 1984 595 2019 met.
615 1983 648 2017 X
668 1986 729 2019 32:
757 1982 889 2018 dulce
916 1983 1147 2018 subridens
1175 1985 1239 2030 (sc.
1259 1994 1362 2020 more
1382 1984 1552 2029 Veneris)
1642 1983 1692 2019 24
1706 1950 1764 2021 8.

184 2030 365 2066 Luxorius
392 2030 497 2067 anth
517 2031 599 2066 Lat
620 2031 843 2077 345‚10R.:
871 2031 980 2067 dulce
1005 2031 1232 2076 loquebatur

304 2091 319 2125 Ι
347 2094 402 2126 23.
455 2090 582 2150 lsqq.
614 2091 656 2127 S:
696 2091 829 2126 Anacr.
851 2090 894 2126 fr.
917 2091 1031 2127 5113*
1072 2092 1221 2137 ἀγανῶς
1254 2091 1316 2128 οἷά
1347 2105 1385 2128 τε
1412 2091 1562 2151 νεβρὸν
1574 2089 1763 2137 νεοθηλέα

185 2138 417 2184 γαλαθηνόν,
457 2137 533 2174 ὅστ’
565 2135 606 2175 ἐν
637 2138 726 2185 ὕλῃς
758 2137 955 2185 κεροέσσης
986 2140 1239 2185 ἀπολειφθεὶς
1269 2139 1343 2176 ὑπὸ
1376 2140 1513 2186 μητρὸς
1545 2136 1716 2184 ἐπτοήθη

186 2186 207 2222 1
235 2187 279 2223 T:
314 2186 415 2222 Seru.
437 2186 484 2222 de
503 2198 551 2223 m
567 2186 653 2224 Hor
669 2186 740 2222 IIII
759 2199 795 2231 p
810 2190 880 2222 469
936 2186 1058 2225 Diom
1074 2200 1109 2233 p.
1126 2191 1194 2223 522
1250 2187 1391 2224 Victor.
1407 2188 1454 2224 de
1473 2200 1521 2224 m.
1536 2187 1624 2224 Hor.
1644 2200 1679 2233 p
1698 2191 1765 2222 174

306 2332 341 2364 Ω,
362 2348 405 2359 =
426 2329 1047 2377 ABODF(‹pw>RM‘(m)nau]
1149 2331 1198 2367 15
1230 2331 1309 2368 Nec
1333 2332 1370 2367 A
1443 2331 1557 2366 iubae
1589 2331 1767 2367 ABR23

185 2385 245 2420 al2
255 2395 371 2420 uam«.
402 2383 490 2419 iube
514 2383 587 2420 OD
618 2383 708 2419 iuba
729 2384 1055 2420 FR1utuid.2'n1
1119 2384 1327 2433 generatssss
1342 2385 1493 2421 leonum
1513 2387 1537 2420 ὃ
1598 2385 1766 2432 leonum]

185 2438 333 2474 leonem
358 2438 622 2484 D1Rpr.aut1
742 2437 790 2473 17
823 2438 923 2484 pigri
950 2438 1019 2473 sub
1044 2444 1059 2474 ῑ
1086 2438 1165 2474 11113
1191 2440 1227 2474 Β
1346 2439 1395 2475 18
1429 2440 1563 2474 aestua
1590 2451 1635 2484 φι
1710 2449 1765 2473 16-

184 2493 331 2527 creetur
348 2491 480 2526 umbra
496 2491 708 2527 Victorinus
778 2490 826 2527 19
853 2492 990 2540 nebule
1005 2500 1034 2537 ψ
1109 2492 1159 2529 20
1185 2493 1329 2539 Iupiter
1342 2501 1372 2538 ψ
1386 2494 1452 2530 Ac.
1504 2494 1642 2539 urguet
1655 2493 1765 2537 Βπψ

184 2565 321 2609 urgent
348 2563 379 2599 G
412 2564 522 2608 urget
546 2567 625 2599 cett.
639 2563 706 2598 Ac.
794 2562 842 2598 21
871 2574 977 2599 curro
998 2565 1051 2600 A1
1067 2565 1161 2610 Pph.
1255 2564 1304 2600 22
1332 2549 1478 2609 interefa
1498 2565 1534 2601 A
1566 2564 1706 2600 interra
1725 2565 1764 2599 D

185 2616 227 2651 in
250 2616 378 2663 terras]
399 2629 427 2651 π
525 2615 575 2652 23
601 2615 826 2662 ridemptem
854 2619 873 2651 λ
946 2617 1112 2663 lalagem
1138 2621 1157 2653 λ
1255 2617 1305 2654 24
1331 2619 1561 2664 loquemtem
1587 2621 1606 2653 λ

874 2684 1012 2710 inuectio

307 2718 324 2751 I
349 2721 405 2753 23.
456 2717 521 2753 AD
548 2718 708 2754 CLOEN
733 2719 812 2755 BC
856 2718 1016 2753 LERKE
1050 2720 1194 2764 (natum
1224 2721 1266 2754 ni
1291 2720 1403 2762 fallor
1425 2731 1469 2754 ex
1500 2718 1763 2756 LOEBOROE
1825 2698 1833 2711 ἰ

190 2788 234 2799 ==
255 2770 465 2815 λοιδορική,·
490 2773 568 2809 uid.
590 2772 735 2819 Epiley.
784 2771 976 2807 LEROHE
999 2774 1039 2816 u)
1064 2772 1129 2807 AD
1156 2773 1319 2808 CLOEM
1345 2773 1519 2818 (CLOEN
1544 2774 1585 2818 u)
1611 2773 1764 2809 MERE-

189 2824 372 2861 TRICEM
402 2825 688 2861 FVGIENTEM
713 2828 828 2872 (omis.
857 2827 954 2867 em)
988 2825 1043 2860 SE
1077 2827 1190 2870 (omis.
1212 2827 1310 2872 daz)
1339 2827 1541 2862 de'wuz
1570 2828 1626 2873 (in
1650 2830 1670 2862 λ
1688 2838 1765 2864 non

189 2878 354 2914 inuectio
379 2879 441 2915 sed
465 2878 633 2914 inueccio
658 2891 848 2926 superscr„
881 2880 923 2914 in
949 2880 960 2914 l
985 2878 1150 2923 iniectio,
1175 2880 1273 2915 nihil
1298 2880 1339 2915 in
1365 2881 1407 2925 π)
1475 2879 1540 2915 ΑΙ)
1568 2879 1765 2917 CHLOEN

192 2931 331 2977 QVAM
356 2931 423 2967 AD
449 2930 807 2968 MATRIMONIVM
834 2931 1103 2968 HORTATVR
1127 2933 1246 2970 DRa
