2002 3224
901 143 923 175 2
1620 134 1707 177 289

415 266 571 294 sacrum
604 254 777 294 uetustis
809 256 967 292 extruat
997 250 1117 303 lignis
1150 250 1282 290 focum

476 326 571 366 lassi
603 325 677 366 sub
710 324 926 365 aduentum
958 324 1051 377 uiri,

415 398 683 450 claudensque
715 398 837 437 textis
869 395 1046 436 cratibus
1078 394 1225 434 laetum
1256 405 1380 446 pecus
1663 398 1708 430 45

477 470 650 509 distenta
684 471 808 509 siccet
838 467 974 521 ubera,

417 548 456 582 et
486 542 612 582 horna
645 540 752 580 dulci
784 541 878 580 uina
909 551 1098 592 promens
1131 538 1236 578 dolio

476 614 598 666 dapes
630 614 827 664 inemptas
860 615 1042 664 apparet:

416 698 497 725 non
528 697 592 724 me
624 684 798 724 Lucrina
829 684 1007 723 iuuerint
1039 682 1244 735 conchylia
1424 730 1432 739 ³

475 758 652 810 magisne
685 755 877 796 rhombus
909 760 977 796 aut
1010 756 1127 802 scari,
1511 807 1514 812 ⁸
1666 759 1713 791 50

419 831 556 882 siquos
587 828 683 868 Eois
714 829 892 868 intonata
925 827 1114 868 fluctibus

476 901 606 941 hiems
638 901 686 941 ad
717 900 792 940 hoc
823 904 956 940 uertat
986 911 1113 953 mare3

418 986 499 1013 non
531 973 623 1012 Afra
655 974 742 1012 auis
774 971 991 1012 descendat
1022 973 1065 1011 in
1095 975 1280 1011 uentrem
1311 982 1458 1024 meum,

477 1057 558 1084 non
589 1049 748 1096 attagen
779 1044 940 1084 Ionicus

251 1195 302 1232 43
329 1196 372 1233 S:
396 1196 612 1241 Hieronym.
628 1195 737 1242 epist.
753 1198 809 1241 66,
826 1198 870 1230 13
883 1194 946 1231 V.:
972 1193 1103 1240 ligna
1129 1193 1323 1240 concidas,
1350 1194 1499 1230 focum
1525 1195 1714 1231 extruas

183 1243 234 1280 46
261 1245 304 1281 S:
331 1245 478 1280 Lueret.
497 1245 514 1279 I
534 1247 622 1280 259:
663 1243 884 1279 uberibus
905 1272 912 1280 .
930 1271 938 1279 .
954 1272 961 1280 .
984 1241 1206 1278 distentis
1244 1243 1256 1287 [Ι
1297 1242 1408 1288 Verg.
1436 1242 1503 1279 ecl.
1532 1247 1567 1288 4,
1582 1246 1626 1278 21
1643 1255 1716 1287 sq.:

134 1293 423 1329 distenta...
443 1292 583 1327 ubera
607 1293 620 1338 ll
649 1291 715 1328 Ou.
736 1293 825 1328 met.
845 1291 933 1326 XIII
952 1292 1040 1327 826:
1067 1289 1376 1327 distentum..
1392 1319 1400 1327 .
1420 1290 1531 1326 uber
1561 1292 1574 1337 11
1604 1291 1716 1336 Verg.

134 1341 203 1377 ecl.
219 1344 325 1386 9‚31:
352 1340 626 1376 distendant
645 1340 784 1375 ubera
803 1340 815 1385 ΙΙ
835 1338 977 1375 Colum.
997 1350 1025 1374 r.
1045 1350 1073 1374 r.
1088 1338 1142 1373 III
1160 1342 1223 1375 21:
1251 1338 1462 1374 distenta
1480 1368 1487 1375 .
1503 1339 1720 1386 ,zuberan

136 1389 274 1424 Lucan.
294 1388 470 1423 1111314:
498 1387 731 1423 distentas
758 1387 936 1423 siccant
961 1386 1164 1432 pecudes
1256 1385 1307 1422 48
1334 1386 1380 1423 cf.
1407 1386 1550 1422 Colum.
1569 1398 1598 1423 r.
1619 1399 1647 1422 r.
1666 1386 1718 1422 XI

136 1440 169 1482 3,
193 1441 230 1472 1:
257 1436 452 1472 hortorum
472 1465 479 1472 .
497 1465 504 1472 .
521 1464 529 1472 .
550 1446 669 1481 aeque
695 1446 823 1470 curam
850 1435 1040 1480 suscipere
1060 1434 1226 1479 debebit,
1252 1436 1296 1470 ut
1321 1435 1360 1475 et
1385 1434 1569 1470 cotidiani
1594 1434 1718 1470 uictus

136 1485 195 1520 sui
219 1483 324 1519 leuet
349 1485 541 1529 sumptum
566 1485 605 1519 et
629 1482 848 1519 aduenienti
874 1482 1026 1518 domino
1051 1482 1252 1528 praebeat,
1279 1482 1381 1527 quod
1407 1482 1464 1518 ait
1489 1483 1621 1529 poeta,
1650 1482 1718 1518 in-

134 1534 313 1578 emptas
337 1531 434 1567 ruris
461 1532 579 1578 dapes
603 1533 616 1578 ΙΙ
640 1531 753 1577 Verg.
774 1541 901 1576 georg.
920 1530 993 1565 IIII
1013 1533 1081 1565 132
1097 1542 1173 1575 sq.:
1200 1541 1359 1576 seraque
1385 1532 1578 1566 reuertens
1604 1532 1718 1566 nocte

135 1580 288 1615 domum
315 1580 512 1626 dapibus
538 1590 688 1615 mensas
715 1578 901 1615 onerabat
923 1578 1144 1623 inemptis
1163 1581 1175 1623 u
1195 1577 1392 1615 Claudian.
1412 1578 1453 1613 in
1468 1578 1524 1615 Ol.
1546 1581 1585 1614 et
1603 1579 1715 1615 Prob.

137 1639 230 1664 coss.
255 1631 341 1663 204:
380 1629 612 1673 inemptas
650 1628 846 1672 apparet
882 1626 1022 1672 dapes
1054 1628 1067 1672 ΙΙ
1099 1626 1193 1662 Stat.
1223 1626 1288 1663 sI
1313 1630 1346 1672 6,
1368 1630 1430 1661 94:
1469 1627 1611 1673 dapes
1650 1626 1719 1661 in-

137 1677 317 1721 emptas
336 1677 348 1722 ΙΙ
366 1675 478 1712 Prud.
506 1676 605 1711 cath.
631 1675 702 1710 ΙΠΙ
728 1678 791 1710 58:
831 1674 952 1710 cernit
981 1674 1079 1709 forte
1110 1674 1242 1720 procul
1274 1674 1415 1720 dapes
1452 1673 1683 1720 inemptas
1708 1675 1724 1722 {l

135 1723 316 1759 Paulinus
342 1734 373 1759 c.
393 1727 427 1769 4,
444 1726 505 1759 15:
534 1723 636 1759 adsit
659 1723 764 1758 laeta
788 1722 921 1758 domus
947 1722 1144 1767 epulisque
1170 1722 1333 1757 adludat
1357 1721 1536 1768 inemptis
1564 1725 1577 1767 u
1609 1723 1719 1759 Mart.

134 1771 206 1807 1111
231 1775 288 1817 66,
310 1774 419 1816 5sq.:
459 1771 578 1806 saltus
613 1782 768 1816 aprum
802 1769 864 1816 (cf.
891 1782 926 1806 u.
949 1771 1027 1816 32),
1066 1781 1221 1816 campus
1252 1769 1455 1815 leporem
1486 1772 1535 1816 (u.
1557 1772 1617 1815 35)
1649 1770 1723 1806 tibi

137 1818 242 1855 misit
267 1818 537 1864 inemptum,
566 1818 664 1854 silua
689 1829 824 1864 graues
851 1818 1010 1853 turdos
1037 1820 1087 1861 (u.
1103 1822 1164 1862 34)
1192 1817 1388 1863 exagitata
1414 1817 1522 1853 dedit
1600 1816 1651 1854 49
1666 1830 1721 1863 sq.

140 1867 184 1904 S:
210 1867 359 1903 Petron.
381 1870 450 1902 119
476 1879 537 1903 uu.
556 1870 602 1902 33
617 1878 715 1912 sqq.:
754 1865 953 1911 ingeniosa
985 1865 1076 1911 gula
1101 1867 1176 1902 est:
1213 1865 1340 1901 Siculo
1373 1876 1529 1901 scarus
1559 1877 1722 1911 aequore

139 1926 282 1950 mersus
310 1915 359 1950 ad
378 1926 548 1950 mensam
568 1914 679 1950 uiuus
698 1914 918 1960 perducitur
938 1915 1053 1959 atque
1072 1913 1283 1949 Lucrinis
1309 1914 1418 1949 eruta
1436 1913 1612 1949 litoribus
1632 1925 1722 1949 uen-

139 1963 235 1998 dunt
261 1962 507 2008 conchylia
533 1973 656 2008 cenas,
682 1964 725 1998 ut
742 1963 927 1998 renouent
944 1972 1012 2007 per
1031 1961 1171 1996 damna
1189 1961 1329 1996 famem
1347 1963 1358 2006 ΙΙ
1377 1961 1489 1998 Mart.
1504 1962 1592 1998 ΧΙΠ
1612 1965 1669 2007 82,
1685 1966 1722 1998 1:

140 2010 246 2046 ebria
272 2010 414 2046 Baiano
440 2010 552 2046 modo
578 2010 666 2046 ueni
692 2010 865 2046 concha.
885 2009 1079 2045 Lucrino
1177 2008 1330 2045 49-52
1350 2010 1393 2045 T:
1420 2009 1535 2046 Prisc.
1550 2010 1656 2045 VIIII
1676 2014 1721 2045 37

137 2058 189 2094 XI
208 2062 254 2093 34
327 2057 394 2094 50.
409 2057 459 2094 53
480 2058 525 2095 S:
550 2058 698 2094 Petron.
720 2062 776 2103 93,
803 2070 864 2094 uu.
880 2061 992 2094 3—7:
1018 2059 1134 2102 atque
1159 2057 1301 2093 Afrae
1327 2057 1543 2093 uolucres
1568 2058 1724 2103 placent

137 2106 279 2152 palato,
306 2106 408 2151 quod
432 2117 508 2141 non
527 2107 616 2141 sunt
637 2105 769 2141 faciles
790 2135 798 2142 .
814 2134 822 2142 .
838 2134 846 2142 .
867 2105 1018 2140 ultimis
1046 2105 1095 2140 ab
1115 2105 1190 2141 oris
1211 2107 1398 2141 attractus
1424 2117 1582 2141 scarus
1609 2108 1724 2151 atque

138 2155 247 2189 arata
277 2153 398 2200 Syrtis
432 2153 587 2198 siquid
617 2153 817 2200 naufragio
850 2153 972 2199 dedit,
1009 2154 1193 2199 probatur
1314 2153 1362 2190 51
1391 2153 1434 2191 S:
1461 2153 1587 2190 Valer.
1610 2154 1663 2191 Fl.
1690 2155 1725 2189 Π

138 2205 207 2237 365
222 2213 293 2247 sq.:
319 2201 468 2248 magnis
494 2213 579 2236 cum
603 2201 784 2237 fratribus
809 2200 931 2236 Eurus
958 2201 1147 2237 intonat
1172 2201 1325 2246 Aegaeo
1449 2201 1500 2237 53
1528 2202 1571 2239 S:
1597 2202 1723 2239 Plaut.

137 2249 237 2286 Pers.
259 2253 322 2286 98:
357 2249 459 2294 quod
490 2251 565 2285 eat
593 2249 639 2285 in
664 2250 869 2284 uentrem
896 2248 982 2284 uolo
1129 2248 1180 2284 54
1208 2249 1252 2286 S:
1283 2249 1393 2286 Mart.
1413 2249 1501 2285 XIII
1521 2253 1585 2286 61:
1625 2250 1725 2286 inter

137 2308 289 2343 sapores
314 2297 433 2333 fertur
457 2297 592 2332 alitum
616 2296 759 2343 primus
785 2295 1043 2332 Ionicarum
1068 2298 1202 2342 gustus
1229 2298 1561 2343 attagenarum
1589 2301 1601 2344 ΙΙ
1633 2298 1721 2333 Hie-

138 2356 316 2391 ronymus
349 2345 458 2392 epist.
491 2345 540 2380 ad
573 2344 769 2380 Saluinam
795 2348 839 2379 79
853 2346 880 2380 t.
912 2344 930 2378 I
960 2344 995 2379 A
1024 2356 1060 2389 p.
1082 2347 1168 2380 504:
1204 2345 1337 2390 procul
1374 2344 1451 2381 sint
1482 2357 1505 2381 a
1537 2345 1724 2381 conuiuiis

148 2393 226 2429 tuis
252 2393 436 2430 Phasides
462 2404 565 2439 aues,
592 2392 709 2428 crassi
732 2394 910 2437 turtures,
937 2391 1340 2437 attagen-Ionicus

261 2535 1003 2583 52=A'(Aa)0F<‹pzp)Ry32'(u)nu]
1078 2534 1129 2571 43
1154 2537 1188 2583 ()
1256 2537 1436 2582 extrudat
1455 2538 1479 2572 ὃ
1577 2536 1628 2573 44
1655 2538 1724 2573 sub

144 2590 195 2626 ad
214 2592 331 2626 uentu
351 2592 363 2626 l
450 2590 500 2627 45
521 2602 609 2636 -que
629 2603 696 2627 om.
711 2603 737 2626 u
810 2589 906 2625 texis
930 2590 961 2625 Ο
1030 2590 1159 2637 cratib‚
1179 2591 1203 2625 ὃ
1275 2590 1393 2626 letum
1412 2603 1440 2627 u
1530 2590 1578 2626 47
1607 2591 1726 2626 horna

144 2643 320 2690 A'Ryne
345 2655 438 2680 orna
459 2644 681 2681 Gde'mu
742 2643 792 2680 48
812 2643 1018 2691 inemptas]
1038 2643 1188 2689 ineptas
1209 2644 1324 2690 6;(L
1340 2656 1432 2680 corr.
1449 2646 1469 2680 b
1476 2647 1513 2691 9)
1582 2643 1633 2680 49
1654 2656 1728 2680 non

144 2697 221 2744 me]
246 2696 380 2732 Nonne
406 2699 471 2733 liu
550 2697 737 2733 conchilia,
762 2697 918 2734 A'Gou
1010 2696 1060 2733 50
1085 2696 1250 2744 Magisq3
1275 2710 1299 2733 a
1370 2698 1550 2733 rhombus
1577 2699 1728 2735 ARnu

143 2747 286 2785 rohmb'
312 2749 343 2785 Ο
388 2751 539 2785 rombus
573 2751 704 2796 Fyk'a
753 2751 894 2798 romb;‚
920 2763 939 2785 r
963 2752 1004 2786 in
1029 2762 1116 2795 ras„
1141 2751 1164 2785 δ
1268 2750 1381 2797 scari]
1410 2753 1508 2787 scari
1529 2752 1560 2788 G
1605 2752 1727 2788 scauri

146 2801 324 2839 Rzl'nsu
418 2815 455 2850 u.
478 2803 526 2839 51
553 2806 678 2840 redit
702 2806 777 2841 cod.
799 2818 821 2840 ν
896 2804 944 2840 51
972 2803 1062 2849 eois,
1085 2803 1118 2839 is
1144 2805 1185 2839 in
1203 2815 1288 2849 ras„
1316 2805 1338 2838 δ
1436 2804 1486 2840 52
1512 2805 1643 2841 Hiems
1664 2805 1730 2843 A'z

147 2856 303 2913 Hiemps
324 2858 362 2893 R
398 2857 556 2903 Hiemps
576 2862 655 2894 cett.
680 2859 746 2895 Ac.
821 2858 937 2894 uertit
956 2859 1098 2903 aliquot
1116 2858 1218 2894 codd.
1232 2858 1426 2894 Prisciani
1522 2859 1573 2895 53
1593 2859 1687 2896 affra
1706 2875 1729 2897 v

197 2915 248 2952 54
275 2918 415 2964 atagen
440 2929 502 2953 nu

219 2984 391 3010 Hons'mvs
409 2985 433 3011 Ι.
466 2984 512 3010 ed.
526 2986 550 3011 2.
1396 2982 1439 3014 19
