2008 3230
279 158 344 194 LII
925 157 1209 195 PRAEFATIO.

281 271 302 310 Ι
328 273 366 323 3,
394 273 447 311 65
480 273 673 311 modestus
708 284 780 322 pro
819 272 1010 311 molestus.
1056 285 1168 311 serm.
1194 272 1215 310 Ι
1241 273 1279 323 8,
1308 273 1361 310 12
1400 272 1533 320 ciprus
1569 269 1748 321 (cyprus)
1779 283 1852 321 pro

284 333 431 380 cippuS.
477 344 590 372 serm.
621 331 642 369 Ι
669 333 706 383 9,
735 333 788 370 13
827 333 921 379 ficos
956 345 1028 382 pro
1066 333 1184 370 uicos.
1228 342 1341 370 serm.
1374 330 1416 369 II
1442 333 1480 382 2,
1509 332 1591 369 128
1630 331 1854 370 instituistis

282 404 354 441 pro
385 392 556 430 nituistis
589 386 643 444 (R
669 385 832 444 deficit).
877 403 990 430 serm.
1016 390 1058 429 II
1084 392 1122 443 3,
1150 393 1200 429 21
1230 391 1344 438 faber
1367 403 1439 440 pro
1470 390 1587 439 uafer
1611 384 1666 444 (R
1690 383 1854 443 deficit).

285 462 400 489 serm.
437 450 479 488 II
511 452 549 501 3,
583 451 638 488 30
679 450 871 488 modicum
916 463 988 501 pro
1028 451 1219 488 medicum
1255 445 1310 503 (R
1344 444 1507 503 deficit).
1566 449 1681 500 epist.
1715 449 1737 487 I
1765 452 1801 500 1,
1829 449 1855 487 6

284 512 437 548 exornet
467 522 538 559 pro
572 512 706 547 exoret.
751 510 867 559 epist.
891 509 912 547 I
940 511 1005 560 11,
1035 511 1058 548 7
1089 510 1231 558 ylabiis
1261 521 1332 559 pro
1361 509 1500 557 yabiis.
1545 509 1660 559 epist.
1685 508 1707 547 Ι
1734 509 1801 559 15,
1828 509 1852 547 9

280 570 431 617 ylabios
467 582 538 618 pro
578 569 725 617 yabios.
776 569 890 619 epist.
921 569 942 607 I
971 570 1037 620 15,
1069 570 1124 607 45
1163 569 1242 607 alio
1278 581 1352 618 pro
1390 570 1465 607 aio.
1516 568 1630 618 epist.
1657 567 1677 606 Ι
1704 568 1771 619 15,
1797 567 1853 606 46

281 629 402 667 uallis
426 641 498 678 pro
518 628 636 667 uillis.
682 627 795 678 epist.
815 628 836 666 I
858 629 924 679 19,
953 629 1005 667 23
1020 629 1175 676 patrios
1200 640 1271 678 pro
1290 628 1442 676 partos.
1493 627 1607 677 epist.
1634 626 1678 666 ΙΙ
1705 629 1741 679 1,
1769 627 1853 665 159

276 699 462 736 peperere
486 700 558 737 pro
577 688 772 736 pepulere.
818 700 851 726 a.
871 701 910 737 p.
941 689 992 726 18
1019 689 1168 734 fluuius
1198 700 1270 737 pro
1290 687 1467 735 pluuius.
1513 699 1548 727 a.
1573 700 1611 737 p.
1639 687 1696 726 20
1722 695 1857 735 expers

287 760 359 796 pro
393 758 514 796 expes.
561 759 595 786 a.
621 759 658 796 p.
686 748 739 786 43
774 749 843 785 aut
871 759 944 796 pro
975 749 1028 785 ut.
1073 759 1108 785 a.
1132 760 1170 796 p.
1199 747 1252 785 55
1285 757 1384 785 uaro
1415 759 1487 796 pro
1519 747 1645 785 uario.

402 805 577 845 Absurdi
597 806 904 845 constructionis
924 819 1073 845 errores
1100 806 1195 844 sunt
1219 805 1279 843 hi:
1305 818 1336 844 c.
1364 805 1404 843 II
1427 807 1493 857 16,
1516 807 1569 844 13
1589 807 1758 853 paterno
1782 816 1856 854 pro

282 868 495 914 paternum
543 859 641 918 (non
680 859 747 918 R).
800 878 831 903 c.
863 865 945 903 1111
982 866 1022 916 4,
1056 866 1108 903 65
1156 876 1306 903 mersae
1351 877 1423 914 pro
1467 875 1612 902 merses
1660 858 1759 917 (non
1791 857 1858 916 R).

290 925 402 975 epod.
424 927 461 975 9,
489 926 543 964 25
565 924 744 972 africano
769 937 841 974 pro
862 925 1087 972 africanum
1113 918 1211 977 (non
1236 921 1301 973 R).
1347 935 1461 962 serm.
1487 923 1529 961 Π
1551 924 1588 974 2,
1612 924 1695 961 114
1714 924 1860 962 metatu-⁴

286 997 358 1034 pro
384 986 521 1022 metato
548 977 602 1036 (R
628 980 791 1033 deficit).
837 996 951 1022 serm.
976 983 1017 1022 II
1044 984 1081 1033 3,
1105 984 1186 1022 286
1214 983 1325 1031 uolqo
1350 995 1422 1032 pro
1447 983 1587 1031 uolyus
1614 977 1668 1036 (R
1693 975 1858 1036 deficit).

403 1041 727 1093 Neglegentioris
759 1042 910 1081 scribae
941 1042 1200 1092 repetitiones
1231 1042 1296 1080 hic
1321 1042 1405 1080 illic
1437 1043 1653 1081 occurrunt
1682 1042 1732 1080 ut
1760 1041 1860 1090 τερθ-

284 1103 355 1140 bus
385 1115 457 1152 pro
494 1102 636 1140 rectius
674 1101 787 1152 epist.
813 1102 834 1139 I
862 1103 927 1153 17,
958 1103 1009 1140 19
1044 1095 1143 1154 (non
1168 1095 1233 1155 R).
1286 1104 1397 1149 uryet
1425 1114 1498 1151 pro
1537 1102 1648 1150 anqit
1676 1113 1791 1140 serm.
1817 1099 1859 1138 H

285 1164 323 1214 3,
345 1163 398 1201 39
427 1155 481 1214 (R
507 1155 670 1214 deficit).
721 1162 870 1199 incana
889 1155 1032 1214 (etiam
1050 1155 1105 1214 R)
1124 1174 1196 1210 pro
1222 1162 1389 1199 meamus
1414 1173 1528 1200 serm.
1548 1161 1569 1199 Ι
1590 1162 1629 1212 4,
1649 1161 1704 1200 49
1733 1155 1800 1214 (ex
1818 1173 1856 1198 u.

286 1217 372 1275 24).
419 1233 532 1259 serm.
557 1220 577 1258 I
605 1221 641 1271 2,
669 1222 722 1259 99
755 1233 850 1258 nam
881 1222 915 1258 te
945 1233 1017 1270 pro
1042 1220 1159 1268 palla
1190 1214 1251 1273 (in
1281 1220 1317 1258 R
1348 1233 1420 1259 nec
1450 1232 1546 1259 nam
1584 1222 1619 1258 te
1648 1232 1721 1259 nec
1744 1219 1860 1268 palla

288 1277 527 1330 inuenitur).

402 1339 735 1378 Posteriorum
771 1341 1039 1390 temporum
1075 1338 1397 1390 uolgarisque
1435 1337 1672 1377 sermonis
1708 1338 1860 1378 formae

286 1411 329 1449 in
359 1411 419 1449 III
451 1410 587 1449 ordine
619 1410 849 1460 frequentes
876 1412 981 1462 sunt,
1013 1410 1082 1449 sed
1112 1410 1348 1459 plerumque
1381 1409 1619 1448 aduersante
1645 1408 1780 1448 codice
1803 1409 1859 1448 R:

287 1483 318 1509 c.
344 1470 364 1508 Ι
391 1472 459 1520 21,
486 1472 510 1509 3
543 1481 748 1518 suppremo
786 1470 853 1508 uel
889 1471 1092 1518 subpremo
1123 1482 1195 1518 pro
1228 1480 1407 1517 supremo
1446 1463 1545 1522 (non
1576 1465 1642 1519 R).
1693 1480 1812 1508 carm.
1837 1468 1859 1507 I

286 1531 354 1581 37,
381 1531 405 1569 5
440 1530 628 1567 antehane
664 1542 735 1579 pro
774 1530 935 1567 antehae
973 1523 1071 1582 (non
1102 1523 1166 1581 R).
1224 1540 1342 1566 carm.
1375 1527 1437 1566 ΠΙ
1469 1530 1506 1580 6,
1534 1529 1588 1567 36
1633 1528 1858 1567 mmibalem

286 1584 385 1642 (non
415 1583 482 1642 R).
536 1601 654 1626 carm.
685 1588 768 1626 IIII
796 1590 832 1639 9,
860 1590 913 1627 25
957 1599 1228 1636 ayamennona
1264 1582 1365 1641 (non
1395 1582 1460 1641 R).
1512 1599 1626 1627 serm.
1653 1587 1672 1625 I
1701 1589 1739 1639 1,
1774 1588 1858 1627 105

285 1648 413 1687 besellt
444 1661 515 1698 pro
546 1648 674 1686 utselli
709 1645 805 1698 (non
830 1642 897 1700 R).
942 1659 1055 1687 serm.
1080 1646 1100 1685 I
1128 1648 1165 1698 2,
1195 1648 1248 1685 27
1283 1648 1323 1685 et
1353 1647 1373 1685 I
1399 1648 1437 1698 4,
1467 1648 1520 1686 92
1550 1648 1762 1696 yorqonius
1789 1658 1859 1698 pro

286 1709 500 1757 yaryonius
520 1701 619 1759 (non
639 1702 691 1759 R)
714 1702 825 1759 (uide
845 1706 1152 1758 grammatische
1171 1706 1362 1745 Aufsetze
1391 1703 1507 1759 247),
1559 1706 1675 1756 epist.
1701 1705 1722 1744 I
1747 1707 1817 1757 16,
1835 1707 1859 1744 2

287 1768 422 1805 herum
453 1779 524 1817 pro
557 1778 665 1805 erum
691 1762 791 1819 (non
815 1761 880 1819 R).
933 1779 966 1805 a.
993 1780 1031 1816 p.
1060 1767 1144 1804 334
1171 1766 1338 1804 iocunda
1368 1779 1440 1816 pro
1470 1766 1643 1804 iucunda
1668 1759 1769 1819 (non
1792 1759 1859 1819 R).

400 1838 607 1876 Accedunt
637 1837 1010 1887 antiquissimorum
1037 1837 1095 1875 ΙΙΙ
1126 1836 1276 1875 ordinis
1308 1837 1490 1875 codicum
1515 1836 1672 1876 metrici
1704 1849 1855 1876 errores

283 1897 490 1948 permulti,
530 1910 702 1947 quorum
738 1899 786 1935 ut
823 1896 997 1935 maxima
1028 1909 1121 1946 pars
1151 1896 1194 1934 in
1224 1896 1260 1934 R
1297 1909 1376 1935 non
1407 1896 1631 1947 inuenitur,
1669 1895 1729 1935 ita
1759 1909 1858 1935 non-

287 1957 389 1995 nulli
421 1957 543 1995 etiam
574 1956 616 1994 in
646 1956 721 1995 hoc
753 1956 886 1995 codice
912 1957 1138 2007 occurrunt,
1169 1957 1217 1994 ut
1249 1968 1279 1993 c.
1305 1955 1367 1993 III
1395 1958 1462 2007 16,
1490 1957 1516 1994 4
1549 1956 1755 1994 adulteriis
1784 1969 1858 2006 pro
1884 1953 1890 1958 ’

286 2018 335 2055 ab
367 2017 564 2054 adulteris.
621 2028 651 2054 c.
677 2015 760 2054 IIII
787 2017 825 2067 5,
854 2016 906 2054 13
946 2016 1124 2054 omnibus
1154 2028 1226 2065 pro
1265 2015 1466 2054 ominibus.
1525 2015 1636 2065 epod.
1669 2017 1704 2067 1,
1731 2016 1784 2054 21
1817 2017 1863 2054 ut

286 2078 336 2114 stt
366 2077 507 2114 auxilii
531 2088 602 2125 pro
628 2077 672 2113 ut
696 2072 802 2114 adsit
825 2075 961 2113 auxili.
1010 2074 1121 2125 epod.
1152 2077 1190 2125 9,
1219 2077 1241 2113 9
1269 2075 1431 2113 uincula
1455 2087 1527 2124 pro
1552 2075 1696 2113 uincla.
1747 2073 1860 2124 epod.

289 2138 355 2185 11,
384 2137 434 2172 17
462 2135 559 2173 nlhtl
584 2147 655 2184 pro
681 2135 748 2173 nil.
800 2134 913 2184 epod.
943 2135 1009 2185 15,
1038 2135 1092 2172 12
1118 2132 1270 2172 ulrl‘mn
1300 2147 1372 2183 pro
1398 2132 1489 2173 ulrl.
1541 2133 1656 2183 epist.
1681 2133 1723 2172 H
1745 2135 1782 2185 1,
1804 2135 1859 2173 92

288 2191 497 2242 teneretque
533 2206 604 2243 pro
644 2190 860 2243 tereretque.
911 2206 945 2234 a.
971 2207 1009 2243 p.
1036 2194 1123 2232 400
1163 2194 1281 2231 honb‘s
1318 2206 1390 2243 pro
1421 2190 1553 2232 honb‘r.
1618 2193 1695 2232 Sed
1730 2192 1860 2232 multo

287 2253 415 2291 maior
439 2266 531 2302 pars
556 2253 598 2290 in
625 2253 659 2290 R
684 2266 763 2292 non
787 2252 1004 2303 reperitur:
1029 2265 1061 2292 c.
1087 2253 1107 2291 Ι
1134 2254 1172 2304 4,
1201 2254 1255 2291 20
1286 2256 1418 2291 omnes
1443 2265 1514 2302 pro
1540 2250 1678 2292 onm‘is.
1729 2265 1761 2292 c.
1779 2251 1801 2291 I
1821 2253 1859 2302 5,

292 2314 462 2351 11—16
507 2324 646 2350 uersus
686 2313 788 2351 falso
832 2312 965 2352 diuisi.
1030 2325 1060 2352 c.
1092 2312 1112 2350 I
1146 2313 1183 2363 7,
1203 2314 1240 2350 '7
1279 2308 1404 2351 ole‘am
1444 2325 1517 2362 pro
1561 2312 1718 2351 olluam.
1755 2324 1806 2350 ·c.
1838 2311 1860 2350 I

294 2373 331 2423 7,
360 2373 411 2410 22
447 2374 502 2409 ter
532 2384 603 2421 pro
636 2374 774 2412 tamen.
825 2384 856 2411 c.
881 2372 902 2410 Ι
931 2374 996 2423 10,
1032 2373 1083 2410 17
1119 2372 1275 2410 animas
1306 2372 1416 2410 laetis
1446 2384 1518 2421 pro
1551 2372 1662 2410 laetis
1692 2372 1859 2410 amimae.

293 2443 323 2469 c.
349 2431 391 2468 ΙΙ
417 2432 454 2479 5,
483 2432 537 2469 20
566 2428 651 2479 yles
675 2445 747 2481 pro
776 2436 902 2480 937968.
952 2444 984 2469 c.
1009 2431 1051 2469 ΙΙ
1078 2433 1115 2482 7,
1146 2433 1167 2470 7
1202 2433 1374 2478 comptus
1397 2443 1469 2480 pro
1497 2432 1712 2469 coronam-s.
1761 2442 1794 2469 c.
1819 2429 1860 2468 Π

292 2492 329 2540 7,
358 2491 411 2527 14
450 2491 606 2527 sustulit
645 2491 693 2528 ab
731 2502 819 2529 aere
855 2504 926 2540 pro
967 2490 1125 2529 sustulit
1161 2501 1259 2528 aere.
1310 2501 1340 2528 c.
1366 2489 1409 2527 II
1436 2490 1503 2540 13,
1530 2491 1585 2528 38
1617 2500 1750 2528 somno
1786 2501 1859 2539 pro

290 2546 392 2587 sb‘no.
443 2549 504 2586 ΙΙΙ
533 2550 598 2599 13,
627 2551 677 2587 11
712 2551 834 2597 fessos
865 2551 936 2588 sub
967 2561 1121 2588 uomere
1150 2562 1221 2598 pro
1252 2549 1375 2596 fessos
1405 2559 1568 2587 uomere.
1619 2547 1682 2586 III
1710 2550 1775 2599 19,
1804 2549 1855 2587 11

289 2619 448 2646 munere
484 2621 556 2657 pro
587 2620 782 2648 murenae.
831 2609 892 2647 III
921 2611 987 2654 19,
1016 2610 1070 2647 14
1103 2611 1159 2647 ter
1193 2610 1322 2646 noster
1359 2608 1543 2646 attonitus
1579 2607 1733 2657 cyathos
1756 2610 1862 2656 petet
1902 2645 1904 2647 .

290 2680 361 2716 pro
388 2670 515 2705 ternos
540 2670 595 2705 ter
620 2669 773 2716 cyathos
792 2669 975 2706 attonitus
992 2670 1105 2716 petet.
1155 2666 1237 2705 1111
1257 2669 1294 2718 8,
1324 2668 1376 2705 25
1404 2678 1570 2715 aequwm
1588 2679 1659 2716 pro
1686 2677 1857 2707 aeacum.

290 2726 372 2763 IIII
407 2728 472 2776 12,
508 2728 559 2764 11
602 2727 846 2765 delectantem
884 2741 956 2777 pro
989 2728 1256 2774 delectantque.
1321 2725 1405 2764 IIII
1440 2728 1504 2777 13,
1539 2727 1592 2764 22
1639 2726 1768 2765 breuis
1809 2726 1860 2765 ad

292 2786 522 2833 sequentem
553 2798 714 2824 uersum
744 2787 986 2825 traductum.
1043 2786 1154 2836 epod.
1184 2787 1220 2836 2,
1250 2786 1303 2824 18
1337 2786 1470 2823 eatulit
1505 2786 1612 2833 aqris
1642 2798 1714 2835 pro
1752 2787 1862 2834 ayris

294 2843 426 2881 eatulit
463 2838 641 2897 (λ’δΖπ).
704 2846 815 2894 epod.
848 2847 886 2895 5,
922 2847 971 2884 11
1015 2846 1108 2883 haee
1142 2847 1185 2883 ·et
1220 2846 1394 2882 trementi
1429 2857 1501 2894 pro
1543 2845 1637 2883 haec
1673 2846 1858 2893 trementi.

292 2901 403 2951 epod.
432 2904 469 2952 5,
497 2904 548 2940 21
583 2904 726 2941 colchos
757 2917 827 2953 pro
863 2905 988 2942 teleos.
1041 2903 1152 2954 epod.
1186 2905 1223 2954 5,
1251 2905 1306 2942 34
1337 2900 1543 2942 inmemo‘rl
1578 2916 1650 2954 pro
1681 2901 1856 2943 ἴηὲφηὸή.

292 2960 402 3011 epod.
432 2962 470 3012 5,
497 2963 551 2999 57
591 2973 663 3009 quo
701 2975 829 3001 omnes
866 2976 936 3012 pro
975 2964 1076 3010 quod
1112 2974 1251 3001 onmes.
1309 2962 1421 3013 epod.
1455 2964 1492 3015 6,
1526 2965 1550 3002 3
1584 2959 1690 3001 uerte‘
1729 2965 1861 3003 minas
