2008 3230
806 151 1093 187 PRAEFATIO.
1291 146 1294 147 ⁷
1590 147 1743 189 LXXIX

163 267 316 307 tradita
348 269 493 306 essent.
555 266 612 305 At
642 277 806 316 prorsus
837 266 957 305 aliter
986 278 1049 305 res
1078 277 1119 305 se
1150 265 1283 306 habet.
1347 265 1463 304 Sicut
1488 266 1596 305 enim
1621 268 1748 306 omni-

162 327 237 367 bus
280 328 362 367 fere
408 326 569 366 scholiis
613 325 779 376 accidit,
829 325 889 364 ita
933 327 974 364 et
1016 325 1304 376 Porphyrionis
1348 326 1626 365 commentarii
1668 340 1747 366 non

81 389 84 391 ’
163 388 295 428 solum
343 386 557 438 permultis
605 385 843 437 uolgaribus
885 386 1058 437 mendis,
1108 385 1276 425 uocibus
1321 386 1613 437 sententiisque
1665 399 1748 426 cor-

162 447 295 498 ruptis
326 446 666 497 deprauabantur,
698 445 767 485 sed
798 445 920 484 etiam
953 446 1109 497 ingenti
1140 445 1501 496 interpolationum
1530 445 1748 498 farragine,

164 521 246 559 quo
277 508 432 546 factum
465 508 536 558 est,
567 508 616 545 ut
648 505 848 545 sententia
879 506 968 556 ipsa
998 518 1114 556 saepe
1147 518 1282 544 secum
1312 507 1569 558 repugnaret.
1631 506 1747 545 Lem-

162 569 276 606 mata
319 579 480 618 quoque
526 566 640 605 falsis
689 565 929 605 lectionibus
972 565 1204 616 abundant3
1255 565 1403 616 quibus
1447 566 1481 604 si
1525 566 1749 617 singulares

165 628 263 666 sunt
294 627 456 666 0111111110
489 625 751 664 diffidendum
789 627 851 664 est
887 626 1063 676 exceptis
1094 625 1234 665 formis
1266 625 1510 676 quibusdam
1540 626 1749 677 orthogra-

165 687 310 738 phicis,
341 687 474 725 multa
505 686 687 736 exempla
717 685 901 725 dedimus
931 685 972 724 in
1005 685 1161 737 Epileg.
1193 699 1230 736 p.
1267 686 1352 724 104
1385 687 1426 724 et
1459 687 1542 725 796
1559 697 1615 736 sq.
1673 686 1749 725 Ac-

164 747 271 787 cedit
295 746 404 798 quod
422 745 710 796 Porphyrionis
736 745 1014 784 commentarii
1039 745 1314 796 compluribus
1339 745 1438 784 locis
1463 745 1595 795 iisque
1626 746 1749 785 inter-

167 807 395 858 pretatione
426 806 546 845 ualde
577 805 852 857 indigentibus
885 805 984 845 adeo
1016 806 1138 845 exiles
1165 807 1270 857 sunt,
1301 806 1350 844 ut
1380 807 1516 855 partes
1549 806 1749 856 quaedam

166 867 366 906 interiisse
396 865 602 917 putandae
634 866 736 918 sint,
768 878 840 905 nos
872 867 1010 905 autem
1040 866 1160 916 plane
1198 865 1443 917 ignoremus,
1476 865 1575 916 quid.
1606 866 1750 917 legerit

166 928 318 968 auctor.
380 926 512 965 Multa
536 926 728 965 lemmata
754 939 800 965 ex
826 925 1000 965 secunda
1032 926 1215 965 codicum
1241 926 1366 965 classe
1392 925 1605 976 inrepsisse
1632 940 1749 965 nemo

158 999 240 1025 non
270 986 396 1038 uidet,
428 986 476 1025 cf.
503 999 534 1025 c.
560 985 624 1024 HI
652 987 777 1037 10,1.
809 985 873 1024 HI
900 987 967 1037 21,
998 987 1062 1026 10.
1102 985 1185 1024 Im
1214 987 1250 1037 7,
1280 987 1346 1024 17.
1397 985 1510 1036 epod.
1540 986 1577 1037 5,
1613 988 1650 1026 3.
1680 987 1747 1026 98.

163 1048 199 1098 7,
228 1047 295 1085 15.
324 1048 391 1098 13,
420 1047 487 1084 11.
516 1047 583 1097 17,
613 1046 679 1085 64.
713 1058 741 1084 s.
767 1045 788 1083 I
815 1046 942 1097 5,15.
964 1046 1032 1083 46.
1064 1046 1084 1083 Ι
1112 1047 1240 1097 6,18.
1270 1047 1336 1085 69.
1370 1045 1390 1083 Ι
1418 1048 1455 1097 9,
1478 1047 1516 1085 3.
1549 1046 1591 1084 H
1620 1047 1657 1098 1,
1681 1048 1747 1084 24.

158 1105 200 1144 H
227 1107 265 1159 3,
293 1107 390 1144 212.
431 1105 473 1143 H
506 1106 543 1157 7,
572 1107 638 1145 72.
705 1105 820 1156 epist.
852 1105 895 1144 H
929 1108 966 1157 1,
993 1106 1061 1144 48.
1131 1105 1194 1144 Ad
1243 1105 1599 1155 interpretationes
1646 1119 1747 1145 uero

158 1179 348 1218 magnam
383 1165 470 1204 uim
499 1164 645 1203 habuit
686 1165 809 1204 codex
846 1165 1012 1216 quidam
1050 1165 1189 1204 classis
1226 1165 1390 1215 tertiae,
1429 1165 1471 1204 id
1511 1166 1620 1216 quod
1653 1179 1746 1205 cmn

158 1226 322 1266 aliunde
342 1226 521 1276 apparet,
541 1226 631 1263 tum
650 1238 698 1263 ex
716 1237 746 1263 c.
774 1225 838 1263 HI
861 1226 927 1276 10,
943 1226 980 1263 6.
1007 1224 1070 1263 HI
1092 1225 1242 1276 13,16.
1269 1225 1332 1263 ΠΙ
1354 1226 1421 1277 14,
1445 1227 1482 1263 7.
1501 1225 1565 1263 ΠΙ
1587 1227 1656 1277 24,
1679 1227 1747 1265 60.

159 1286 272 1337 epod.
296 1288 363 1339 11,
384 1286 451 1324 62.
483 1297 512 1325 s.
532 1285 553 1323 I
575 1287 612 1336 2,
635 1286 730 1324 121.
764 1285 878 1335 epist.
899 1285 941 1322 H
963 1286 999 1336 2,
1022 1285 1091 1325 83.
1140 1285 1393 1335 Porphyrion
1418 1285 1547 1336 igitur
1571 1286 1748 1336 primum

158 1346 210 1385 iis
241 1346 340 1386 locis
371 1345 625 1396 paucissimis
655 1345 820 1384 maioris
851 1345 1046 1384 momenti
1077 1346 1155 1396 est,
1193 1345 1265 1383 ubi
1297 1358 1388 1384 cum
1420 1345 1573 1395 primae
1607 1346 1748 1385 classis

161 1405 436 1458 singularibus
460 1404 700 1444 lectionibus
726 1405 915 1457 congruit
932 1406 981 1443 ut
1001 1418 1032 1444 0.
1052 1405 1115 1443 HI
1138 1406 1204 1456 14,
1229 1406 1279 1443 11
1304 1399 1539 1459 (ominatis).
1573 1405 1657 1444 IIII
1681 1407 1748 1457 14,

163 1467 217 1504 28
251 1460 512 1520 (meditatur).
573 1464 726 1503 Deinde
758 1465 868 1503 haud
899 1466 1146 1515 spernendus
1173 1467 1234 1504 est
1267 1465 1310 1503 in
1342 1465 1391 1503 iis
1425 1466 1746 1516 quaestionibus,

161 1539 265 1576 quae
292 1527 343 1565 ad
369 1524 700 1576 orthographiam
724 1525 791 1563 uel
816 1525 1137 1577 morphologiam
1161 1525 1366 1575 pertinent
1396 1527 1444 1564 ut
1476 1538 1505 1564 s.
1532 1525 1573 1563 ΙΙ
1601 1527 1639 1578 3,
1663 1520 1751 1565 240

163 1581 365 1640 (deciens).
425 1598 454 1624 s.
480 1585 522 1622 II
549 1586 586 1636 3,
616 1585 698 1623 296
727 1579 933 1639 (octaffls).
992 1585 1106 1635 epist.
1132 1585 1174 1623 II
1202 1587 1238 1637 1,
1269 1585 1352 1623 148
1380 1579 1570 1639 (saeuas).
1629 1599 1659 1625 0.
1688 1586 1750 1624 ΙΠ

164 1647 230 1698 12,
260 1648 282 1685 7
317 1640 522 1700 (umeros).
579 1657 607 1684 s.
634 1645 654 1682 I
683 1645 719 1696 1,
747 1645 802 1682 33
829 1639 1053 1698 (paracta).
1110 1645 1226 1695 epist.
1251 1645 1293 1683 II
1322 1647 1358 1696 1,
1388 1646 1441 1685 29
1476 1640 1676 1700 (optuma)
1711 1649 1752 1685 et

161 1718 190 1747 s.
215 1706 237 1744 I
263 1707 307 1758 4,
337 1706 420 1744 105
449 1698 668 1758 (optumus)
700 1704 770 1755 aL,
802 1717 1053 1755 quamquam
1079 1705 1275 1744 nonnulla
1307 1704 1431 1743 dubia
1457 1707 1553 1744 sunt
1584 1708 1633 1744 ut
1664 1718 1750 1745 uee-

158 1777 268 1805 mens
300 1765 414 1816 epist.
442 1764 483 1803 II
511 1766 547 1815 2,
577 1765 643 1803 28.
675 1765 879 1812 formonsa
910 1764 1052 1803 c.·IIH
1087 1766 1153 1816 13,
1182 1766 1218 1803 3.
1252 1765 1461 1803 thensauro
1488 1777 1518 1804 s.
1546 1766 1588 1803 H
1616 1767 1653 1817 6,
1683 1769 1750 1804 11.

161 1826 300 1865 domas
329 1825 442 1876 epod.
472 1825 514 1875 5,
543 1825 611 1862 53.
636 1825 824 1872 fraaeimzs
861 1837 893 1863 0.
919 1824 982 1862 IH
1012 1825 1078 1876 25,
1109 1826 1174 1864 16.
1212 1830 1358 1863 mensis
1390 1838 1422 1863 c.
1444 1825 1528 1863 1Πῖ
1555 1826 1593 1877 6,
1621 1827 1678 1864 40
1700 1827 1749 1865 al.

160 1886 346 1937 Denique
377 1884 666 1935 Porphyrionis
698 1884 921 1923 auctoritas
953 1897 1033 1923 non
1065 1884 1315 1936 neglegenda
1347 1887 1408 1924 est
1439 1885 1488 1924 iis
1532 1885 1630 1924 locis
1661 1900 1750 1936 per-

159 1946 319 1998 paucis,
361 1945 432 1984 ubi
470 1944 571 1983 duas
609 1944 791 1983 diuersas
828 1944 1020 1984 lectiones
1061 1958 1133 1995 per
1170 1945 1528 1995 interpolationem
1571 1945 1678 1985 inter
1709 1958 1751 1985 se

160 2006 349 2045 confusas
381 2018 427 2044 ac
458 2005 605 2043 mixtas
646 2004 850 2056 uidemus,
889 2005 958 2043 sed
990 2005 1049 2043 ita
1086 2006 1136 2043 ut
1172 2004 1308 2044 uerior
1345 2017 1391 2043 ac
1422 2005 1596 2055 pristina
1627 2006 1749 2045 lectio

160 2066 384 2105 etiamnum
408 2065 537 2115 possit
567 2064 765 2116 indagari,
799 2065 847 2104 cf.
875 2064 990 2115 epist.
1016 2065 1056 2103 II
1085 2067 1122 2117 2,
1145 2066 1201 2104 80
1234 2059 1482 2117 (contracta).
1541 2066 1750 2117 epod-16,

163 2128 214 2165 37
244 2120 408 2181 (expes).
465 2138 495 2164 c.
529 2124 592 2162 ΙΙΙ
620 2126 686 2176 14,
723 2126 777 2163 10
797 2137 853 2175 sq.
881 2120 1115 2179 (ominans).
1173 2138 1204 2165 c.
1237 2125 1300 2162 III
1336 2125 1401 2176 15,
1438 2126 1491 2163 16
1527 2120 1750 2179 (metutam).

161 2199 196 2225 a.
223 2200 259 2236 p.
289 2187 374 2225 402
408 2179 630 2238 (tyrtaeus).
687 2185 930 2235 Plerumque
962 2198 1059 2224 uero
1100 2187 1148 2223 ut
1179 2198 1286 2223 nunc
1320 2187 1415 2223 sunt
1446 2185 1593 2235 Porph.
1627 2186 1750 2224 inter-

160 2246 410 2297 pretationes
442 2258 534 2283 cum
567 2245 691 2283 tertia
728 2245 854 2283 classe
886 2245 1044 2283 faciunt
1075 2258 1146 2284 nec
1185 2244 1314 2295 pluris
1347 2245 1623 2284 aestimandae
1657 2249 1752 2285 sunt

162 2319 284 2357 quam
316 2305 488 2356 quilibet
520 2318 567 2343 ex
599 2304 762 2355 optimis
793 2305 914 2343 huius
946 2305 1085 2344 classis
1117 2304 1332 2344 codicibus.

665 2460 883 2501 Tractatus
908 2459 1241 2501 Vindobonensis.

281 2546 412 2585 Multo
444 2546 610 2585 minoris
648 2546 770 2596 pretii
808 2548 870 2585 est
906 2547 1107 2585 tractatus
1144 2546 1212 2585 ille
1245 2546 1586 2607 Vindo—bonensis,
1626 2546 1750 2585 codex

159 2617 424 2657 bibliothecae
466 2617 702 2670 Caesareae,
741 2618 926 2669 signatus
959 2632 1017 2659 nr.
1051 2618 1203 2670 CXLV,
1236 2631 1335 2657 saec.
1363 2619 1431 2658 XI.
1494 2618 1608 2656 Nihil
1641 2618 1748 2656 enim

162 2781 368 2826 setzungen
391 2779 477 2815 klar
502 2780 682 2816 erwiesen
707 2780 785 2825 hat,
812 2791 853 2816 so
879 2779 967 2815 dass
994 2779 1055 2815 die
1081 2779 1291 2824 Annahme,
1318 2778 1420 2814 seine
1446 2778 1668 2814 Lebenszeit
1694 2778 1748 2815 sei

161 2828 202 2863 in
228 2827 290 2863 die
317 2828 575 2868 ersteHalfte
602 2829 667 2863 des
694 2828 835 2864 dritten
853 2828 1131 2862 Jahrhunderts
1158 2839 1202 2862 zu
1229 2830 1368 2871 setzen,
1396 2827 1566 2861 dadurch
1590 2829 1749 2862 wesent-

163 2875 240 2911 11011
266 2877 436 2921 gestiitzt
460 2876 612 2911 worden
637 2876 706 2920 ist,
734 2876 776 2921 ja
802 2875 995 2911 vielleicht
1021 2876 1091 2910 den
1120 2874 1222 2910 Grad
1249 2875 1315 2909 der
1341 2874 1563 2910 Gewissheit
1588 2875 1750 2910 erreicht

160 2924 240 2969 hat,
268 2924 335 2959 der
361 2925 472 2958 unter
497 2923 570 2959 den
596 2924 854 2960 bestehenden
874 2923 1162 2959 Verh'altnissen
1182 2923 1222 2957 in
1249 2922 1371 2958 dieser
1390 2923 1511 2969 Frage
1535 2922 1751 2969 uberhaupt

162 2971 379 3008 erreichbar
405 2970 482 3007 ist.’
