2008 3230
242 164 359 200 XXIV
886 166 1171 203 PRAEFATIO.

360 277 452 316 Non
483 278 534 316 ad
565 277 780 317 Horatium
810 278 1038 317 referendae
1071 279 1165 316 sunt
1195 279 1347 318 formae
1380 278 1580 319 obsoletae
1604 284 1814 329 sequemur

244 349 276 375 a.
309 350 347 386 p.
381 338 463 375 311
507 331 732 390 (sequentur
768 333 1028 391 archetypus)
1068 338 1142 376 aut
1170 340 1317 376 motare
1347 351 1419 388 pro
1449 342 1602 379 wmtare
1632 334 1814 394 (passim,

241 396 289 434 ut
321 395 430 446 epod.
467 398 503 447 1,
524 391 618 449 28),
656 398 728 434 aut
763 397 933 435 rutumdo
965 409 1000 434 a.
1030 410 1069 446 p.
1103 397 1207 445 3233
1244 409 1316 436 nec
1353 397 1501 448 magis,
1540 398 1584 438 ni
1620 399 1814 452 fallimur,

240 455 464 502 formonsus
495 467 523 493 s.
555 455 576 492 I
597 457 634 505 6,
656 456 707 494 31
755 456 828 494 aut
871 455 996 493 dedici
1039 467 1074 495 a.
1105 469 1143 505 p.
1176 457 1274 495 418.
1336 456 1546 496 Interdum
1588 458 1712 498 etiam
1754 458 1815 498 in-

242 514 398 552 ferioris
430 514 575 553 aetatis
604 514 749 553 menda
779 514 1043 565 inrepserunt,
1075 516 1123 552 ut
1154 515 1267 564 epod.
1296 515 1334 564 2,
1354 517 1411 555 50
1437 519 1571 557 scauri
1598 530 1670 568 pro
1696 519 1813 564 scari,

242 573 352 623 epod.
388 574 425 623 3,
449 575 497 611 21
534 575 674 612 suamc
706 586 777 623 pro
809 574 934 612 samo.
994 573 1232 613 Posterioris
1264 587 1385 626 quam
1414 575 1494 615 AB
1524 577 1616 616 aeui
1641 577 1813 628 speciem

242 657 337 694 prae
369 657 409 682 se
441 638 520 683 fert
552 643 580 682 C
613 644 724 694 epod.
754 645 820 695 14,
843 645 914 682 10:
947 656 994 683 ex
1024 644 1071 682 N
1100 648 1281 684 acreonta
1306 646 1364 685 nil
1387 647 1581 686 remansit
1604 647 1684 688 nisi
1708 660 1813 688 acre-

242 707 344 747 onta,
376 703 524 742 lineola
562 716 681 753 super
710 703 757 740 N
782 702 931 752 scripta
961 716 1033 752 pro
1066 704 1223 743 delendi
1254 705 1369 757 signo
1401 708 1576 757 accepta.
1625 703 1813 758 Exceptis

243 762 416 801 uetustis
442 762 522 800 illis
545 762 682 801 formis
703 762 830 812 iisque
851 762 948 801 locis
968 762 1040 801 ubi
1059 763 1110 802 ad
1130 765 1397 814 supplendum
1417 766 1451 804 B
1472 766 1650 806 adhiberi
1669 768 1815 819 potest,

244 822 272 860 C
300 822 407 860 solus
432 834 577 871 parum
601 821 767 860 idoneus
794 823 854 860 est
879 821 930 860 ad
955 822 1279 863 constituendum
1304 826 1545 865 contextum.
1590 826 1816 866 Verborum

241 876 598 920 transmutationes
637 893 664 918 s.
698 880 717 918 I
739 882 851 930 6,13
889 892 1007 930 regno
1036 883 1182 931 pulsus
1220 878 1323 938 (og)
1357 886 1457 923 et·s.
1489 884 1529 922 H
1550 886 1588 936 8,
1611 886 1666 925 70
1695 886 1816 942 pueri

243 943 341 978 recte
372 934 571 993 (OgmL)
604 953 628 978 a
658 935 704 978 B'
735 940 973 989 repetendae
1005 943 1111 980 sunt.
1161 941 1316 982 Codicis
1346 942 1375 982 O
1402 944 1605 994 exemplar
1630 944 1828 984 similiter'

241 1012 286 1038 ac
318 999 351 1037 B
386 999 579 1095 scrip}m
591 999 732 1096 4fuisse
765 1001 934 1050 oportet.
977 999 1070 1040 Non
1105 1002 1227 1041 semel
1253 1001 1282 1041 C
1309 1003 1335 1042 d
1359 1003 1497 1044 scribit
1520 1016 1592 1055 pro
1619 1005 1669 1043 cl:
1701 1003 1814 1056 epod.

242 1060 308 1107 17,
331 1059 397 1096 24.
433 1071 459 1097 s.
533 1059 570 1108 5,
623 1060 660 1099 7.

361 1213 553 1263 Sequitur
590 1215 637 1251 ut
668 1213 715 1251 de
746 1213 780 1252 E
813 1213 1026 1262 dicendum
1057 1214 1127 1266 sit,
1165 1215 1235 1266 qui
1266 1216 1308 1255 in
1339 1217 1525 1267 epistulis
1557 1217 1721 1258 secundi
1751 1231 1812 1259 ore-

240 1268 344 1311 dinis
375 1274 509 1322 partes
541 1272 709 1322 suscipit
740 1274 781 1311 et
815 1273 1041 1314 deficientes
1073 1274 1227 1315 codices
1251 1275 1324 1315 BG
1344 1294 1400 1308 =
1420 1272 1467 1315 B'
1492 1278 1668 1327 quodam
1696 1277 1815 1318 modo

244 1332 415 1382 supplet.
477 1332 607 1383 Eg62
650 1333 756 1371 recte
796 1333 1008 1373 conlocant
1050 1336 1117 1383 qui
1158 1338 1256 1375 recte
1291 1337 1455 1380 udumdi
1492 1336 1607 1387 epist.
1637 1336 1659 1375 I
1678 1338 1718 1386 2,
1737 1338 1815 1389 41,

242 1404 314 1430 nec
339 1391 470 1430 minus
496 1392 565 1443 Eg
590 1391 665 1430 soli
692 1404 836 1431 uerum
859 1405 1052 1432 uersuum
1079 1393 1257 1434 ordinem
1277 1395 1391 1445 epist.
1411 1396 1432 1435 Ι
1454 1397 1491 1446 1,
1511 1397 1580 1436 57.
1601 1397 1657 1436 58
1678 1408 1814 1436 serua-

240 1452 398 1490 uerunt.
459 1451 602 1490 Nescio
643 1464 694 1490 an
731 1451 852 1502 primi
888 1453 930 1491 et
965 1453 1077 1492 tertii
1113 1453 1264 1493 ordinis
1301 1455 1372 1505 qui
1410 1454 1598 1494 dicuntur
1626 1457 1813 1506 parentes

242 1510 490 1550 traiectionis
522 1510 637 1562 signa
663 1512 735 1550 aut
759 1512 908 1551 temere
934 1514 1007 1551 aut
1031 1513 1215 1553 consulto
1247 1514 1507 1566 neglexerint.
1567 1514 1632 1555 Ad
1658 1514 1816 1555 unciale

243 1577 350 1626 quod
368 1578 516 1616 uocant
535 1577 738 1627 exemplar
762 1577 1014 1617 referendum
1040 1580 1101 1617 est
1119 1579 1307 1618 mendum
1328 1581 1426 1619 coiM
1443 1593 1516 1631 pro
1534 1582 1631 1621 mihi
1656 1573 1815 1636 ((ὈΙΙΜ)

241 1636 353 1686 epist.
386 1637 405 1674 I
427 1638 493 1687 17,
513 1638 581 1676 49.
643 1637 849 1676 Bonarum
880 1637 1099 1678 lectionum
1128 1651 1220 1678 raro
1246 1641 1499 1679 seruatamm
1525 1641 1559 1679 E
1589 1641 1705 1682 testis
1735 1644 1816 1683 est:

455 1710 662 1753 contracta,
694 1721 773 1748 non
806 1711 990 1755 contacta,
1024 1709 1138 1760 epist.
1169 1709 1210 1747 H
1232 1712 1269 1760 2,
1291 1711 1357 1750 80.

457 1768 624 1817 laeuum,
655 1781 736 1807 non
767 1780 942 1814 saewam,
974 1768 1089 1819 epist.
1121 1769 1141 1807 I
1163 1771 1200 1819 6,
1223 1771 1288 1809 50.

456 1827 585 1872 laedit,
617 1840 697 1867 non
729 1829 863 1874 laedet,
895 1827 1009 1879 epist.
1041 1828 1061 1866 I
1084 1830 1150 1880 17,
1172 1830 1209 1868 8.

358 1886 527 1924 Plurimi
559 1886 681 1925 etiam
712 1899 766 1926 cm
795 1899 868 1939 pro
901 1890 935 1926 et
965 1887 1079 1938 epist.
1105 1887 1125 1926 I
1153 1889 1220 1939 16,
1246 1889 1271 1928 3
1306 1882 1357 1943 (E
1367 1884 1518 1944 gcmx)
1551 1903 1696 1931 uerum
1729 1904 1813 1933 esse

242 1946 499 1985 contendunt.

362 2006 516 2044 Bonam
549 2006 744 2045 scribendi
774 2007 973 2047 rationem
1003 2007 1037 2046 Ε
1068 2007 1208 2047 habet:

455 2066 547 2103 uilis
580 2066 693 2115 epist.
725 2066 767 2104 H
790 2070 825 2118 1,
848 2068 902 2106 38
937 2061 1119 2121 (ElRw).

458 2126 556 2163 artis
587 2120 684 2178 (Ε1)
718 2126 834 2176 epist.
863 2126 905 2165 II
931 2131 963 2177 1,
988 2128 1053 2166 13.

450 2185 574 2231 piscis
607 2179 658 2238 (Ε
693 2180 821 2238 solus)
852 2185 966 2236 epist.
997 2186 1018 2224 I
1040 2187 1107 2236 15,
1129 2166 1195 2226 23(

449 2245 582 2290 partis
612 2239 664 2296 (Ε
691 2239 811 2298 Pph.)
843 2245 956 2295 epist.
989 2245 1029 2284 H
1052 2247 1089 2296 1,
1112 2247 1207 2285 171.

458 2305 561 2340 tuom
592 2297 687 2356 (El)
721 2304 835 2354 epist.
867 2305 908 2342 ΙΙ
930 2306 968 2354 1,
990 2307 1056 2345 16.
1209 2309 1212 2313 '

458 2363 646 2401 corimbos
677 2357 736 2416 (2³)
769 2364 882 2413 epist.
914 2365 955 2402 II
979 2368 1015 2414 1,
1036 2366 1119 2405 193
1152 2365 1185 2403 Ε
1206 2365 1304 2416 Pph.

245 2420 399 2458 Prauae
433 2423 527 2458 sunt
557 2421 747 2461 lectiones

456 2482 643 2528 sapientis
673 2495 745 2531 pro
770 2484 959 2530 patientis
989 2484 1103 2534 epist.
1134 2484 1156 2522 I
1179 2486 1214 2536 7,
1236 2485 1303 2523 40.

459 2540 626 2578 clusinos
657 2541 770 2590 epist.
803 2542 823 2579 Ι
846 2544 912 2591 15,
935 2545 972 2583 9.

460 2599 596 2645 cupias
627 2599 739 2648 epist.
773 2600 792 2638 I
814 2602 880 2651 16,
902 2603 969 2642 30.

458 2658 676 2695 mendicum
707 2659 819 2708 epist.
844 2660 865 2697 I
893 2663 959 2711 16,
981 2663 1047 2701 40.

457 2716 590 2763 ferum}
619 2717 733 2767 epist.
764 2718 785 2756 Ι
807 2720 873 2769 17,
895 2722 962 2760 44.

459 2787 553 2813 cena
584 2789 654 2825 pro
687 2778 822 2826 linqua
853 2779 966 2829 epist.
999 2780 1019 2817 Ι
1042 2782 1196 2832 19,15.

246 2835 329 2874 Nec
360 2835 488 2886 magis
520 2835 787 2875 Horatianum
818 2840 879 2876 est
1147 2865 1150 2868 ‹

460 2906 610 2932 accerse
639 2908 711 2944 pro
743 2909 893 2936 arcesse
924 2892 1063 2951 (qu)
1097 2898 1211 2948 epist.
1243 2899 1264 2937 Ι
1284 2900 1322 2950 5,
1339 2901 1375 2938 6.

247 2954 389 2993 Falsae
421 2953 504 2992 sine
536 2953 656 2993 dubio
689 2957 784 2993 sunt
812 2956 887 2995 hae
919 2957 1108 2997 lectiones
1139 2970 1229 2997 cum
1261 2958 1299 2996 V
1329 2971 1574 2998 communes:
