2002 3224
658 159 915 199 EXCERPTA
943 159 1230 205 CRVQVIANA
1643 163 1728 205 369

267 275 324 309 32.
349 283 386 318 p.
402 275 482 308 141.
533 272 683 308 Miluio.
735 271 904 314 Quatuor
936 270 1016 307 cod.
1043 270 1218 308 Blandin.
1253 281 1338 306 cum
1363 268 1507 305 Buslid.
1534 269 1566 304 ἅτ
1591 270 1728 316 Ca1·r.¹)

146 326 290 362 habent
313 325 431 361 Mih‘io
457 336 525 372 per
550 325 734 362 diaeresin.

265 383 322 417 33.
376 380 536 416 Credula
566 391 632 416 nec
662 391 785 416 rauos.
830 379 909 414 haec
942 378 1060 415 dictio
1091 390 1223 423 rauus,
1261 378 1322 414 vel
1354 379 1377 413 a
1409 377 1532 413 colore
1560 377 1727 412 Leonum

147 433 214 479 qui
231 433 380 469 medius
400 435 459 469 est
477 433 577 469 inter
595 433 737 468 flauum
759 432 790 467 ἃ
810 432 972 477 caesium,
1001 433 1061 469 vel
1080 434 1128 469 ab
1149 432 1268 469 oculis
1293 433 1456 477 illorum,
1484 432 1609 478 aptior
1634 432 1729 467 mihi

146 487 228 524 visa
258 488 317 523 est
350 488 465 532 quam
496 487 636 533 flauus,
668 486 878 532 praesertim
909 486 950 521 in
981 498 1063 522 eam
1098 486 1421 523 consentientibus
1454 488 1617 532 quatuor
1647 486 1726 523 cod.

145 541 280 577 Bland.
305 540 442 576 iccirco
468 540 576 576 illam
602 552 668 576 suo
695 540 778 576 loco
803 540 938 586 putaui
963 551 1038 576 non
1063 552 1146 576 esse
1171 541 1408 577 mouendam.

266 599 322 632 51.
375 595 632 643 Oircumyemit
652 595 765 631 Vrsus
789 595 896 630 ouile.
948 598 980 630 4.
1008 594 1089 631 cod.
1115 595 1260 630 habent
1284 594 1386 631 ouili.

265 655 460 702 epod.17.
493 668 527 700 p.
551 658 630 690 150.
683 643 790 690 HOC
822 664 975 690 carmen
1002 665 1125 699 neque
1157 654 1316 700 Epodon
1341 654 1564 701 inscriptam
1596 654 1636 690 in
1668 655 1727 690 his

140 709 223 784 gcgl.
243 710 256 755 ΙΙ
275 710 426 755 (p.151)·
443 708 577 743 Bland.
598 708 762 754 inuenio,
784 719 868 754 neq3
896 708 1005 754 oden,
1026 707 1140 744 sicuti
1158 719 1228 744 nec
1247 709 1479 755 praecedens:
1507 708 1619 744 Cuius
1640 709 1729 745 Lec-

201 759 251 784 nd.

140 794 261 829 torem
285 792 470 828 monitum
491 792 604 838 volui,
631 791 742 838 eitiue
761 791 802 827 in
820 791 1041 828 memoriam
1061 792 1321 840 reno-{catum
1349 803 1397 829 ne
1416 792 1579 829 fortasse
1600 803 1727 828 eorum

141 857 202 882 me
234 846 492 883 immemorem
529 846 691 892 iudicet,
729 858 801 895 que
843 847 957 893 supra
995 848 1080 881 cum
1113 846 1160 882 de
1194 846 1326 892 epodis
1357 858 1482 892 pauca
1514 848 1728 882 controuer-

142 902 224 938 t-ere‘
256 899 599 949 dissererem-ltine,
632 899 711 935 dixi
743 911 803 935 me
834 899 1077 946 peculiariter
1108 900 1148 936 in
1177 900 1235 935 his
1268 900 1350 937 cod.
1375 902 1530 936 notasse
1563 900 1730 936 carmina

140 954 182 990 in
218 955 289 991 hoc
323 966 436 1001 opere
474 955 648 1000 quaedam
685 965 807 999 neque
840 954 980 1000 Epodi,
1019 964 1141 998 neque
1177 953 1276 990 Odes
1315 954 1455 990 habere
1495 954 1726 1001 adscriptam

143 1008 388 1055 epigraphen.

263 1067 318 1099 11.
344 1075 381 1109 p.
398 1067 478 1100 152.
536 1064 690 1099 anere.
742 1061 949 1098 Lambinus
980 1073 1055 1098 non
1082 1062 1205 1098 minus
1232 1062 1382 1109 copiose
1408 1064 1522 1108 quam
1549 1064 1727 1110 probabi-

140 1116 229 1152 liter
252 1116 315 1152 hic
341 1116 478 1152 asserit
503 1116 707 1162 legendum
733 1127 825 1161 esse,
860 1117 996 1160 luxere,
1022 1127 1135 1161 quam
1163 1115 1317 1161 quidem
1342 1116 1545 1152 lectionem
1569 1128 1645 1152 non
1671 1129 1728 1153 re-

141 1170 277 1216 probo;
309 1181 440 1207 verum
471 1172 602 1206 tamen
635 1169 754 1206 malui
781 1181 930 1205 seruare
957 1170 1154 1215 antiquam
1180 1174 1213 1206 4.
1241 1169 1358 1206 codic.
1386 1170 1675 1206 Blandiniorum
1699 1171 1730 1206 85

142 1224 250 1260 vnius
277 1224 379 1261 Carr.
411 1225 484 1260 hac
516 1223 663 1260 ratione
688 1223 905 1271 praeci—{pue
932 1224 981 1259 ad
1007 1224 1047 1264 id
1074 1223 1265 1270 inductuzr,
1292 1224 1394 1268 quod
1419 1223 1459 1258 in
1480 1224 1627 1260 duobus
1647 1225 1729 1260 cod.

141 1278 275 1315 Bland.
302 1278 380 1314 vidi
406 1279 592 1314 adnotata
619 1278 699 1313 haec
725 1278 858 1324 verba,
890 1278 1038 1314 anere
1064 1278 1268 1324 legendum
1295 1280 1369 1322 est,
1403 1277 1434 1312 85
1458 1289 1533 1314 non
1559 1278 1727 1327 lu-Jxere,

142 1332 281 1378 quibus
307 1332 432 1368 verbis
459 1332 567 1368 nulla
592 1343 728 1368 caussa
753 1333 938 1378 praeterea
963 1332 1132 1379 ascripta
1157 1333 1251 1377 erat,

263 1390 319 1423 18.
369 1387 541 1433 leuatus,
576 1386 649 1422 duo
677 1386 757 1422 cod.
783 1385 928 1422 habent
955 1386 1116 1433 relatus,
1149 1398 1242 1431 quos
1271 1385 1480 1434 se-lquutus
1508 1398 1606 1432 sum,
1639 1398 1724 1422 cum

141 1441 345 1478 Lambino:
373 1441 443 1487 alij
472 1441 545 1476 duo
571 1440 714 1476 habent
739 1440 921 1486 relapsus
1314 1485 1319 1490 .

262 1498 318 1530 25.
345 1507 379 1542 p.
398 1498 476 1532 153.
538 1495 679 1542 Vr—lyet
704 1496 798 1531 diem
823 1506 909 1530 nox.
961 1494 1034 1531 duo
1060 1495 1142 1532 cod.
1169 1495 1312 1531 habent
1335 1499 1474 1542 vryuet.

262 1552 319 1585 33.
360 1550 501 1586 Virens.
542 1549 614 1584 hoc
639 1548 883 1595 participium
910 1548 949 1584 in
975 1553 1009 1584 4.
1037 1549 1117 1586 cod.
1145 1548 1368 1596 εστὶ-19111111,
1393 1548 1527 1584 tollere
1554 1559 1621 1584 suo
1647 1549 1729 1585 loco

141 1603 265 1649 nolui,

261 1661 317 1694 50.
345 1670 381 1703 p.
399 1660 479 1694 155.
530 1659 776 1694 Pactumeius.
830 1656 890 1692 Sic
929 1655 1079 1703 repperi
1116 1656 1333 1705 scri-{ptum
1370 1657 1411 1692 in
1449 1659 1613 1702 quatuor
1646 1659 1728 1694 cod.

144 1711 319 1748 Blandin.
347 1723 431 1747 cum
457 1711 600 1748 Buslid.
629 1710 660 1746 sc
686 1710 788 1747 Carr.
815 1710 846 1745 &
873 1710 1201 1755 annotationibus3

261 1769 318 1801 65.
350 1777 387 1811 p.
411 1768 489 1802 156.
540 1767 669 1811 Infidi.
722 1765 776 1800 sic
813 1765 942 1801 inueni
979 1765 1019 1801 in
1056 1769 1089 1801 4.
1130 1765 1210 1803 cod.
1250 1776 1334 1800 cum
1371 1764 1729 1814 inter-{pretatione

141 1818 327 1865 apposita.

261 1876 317 1909 67.
372 1873 566 1920 Obligatus
592 1874 685 1909 aliti.
739 1873 792 1909 sic
818 1873 935 1909 etiam
960 1873 1104 1909 habent
1128 1877 1162 1910 4.
1189 1874 1270 1909 cod.

262 1931 317 1964 72.
367 1928 507 1964 Nectes.
563 1927 636 1963 duo
665 1928 745 1964 cod.
772 1927 917 1963 habent
941 1929 1081 1974 nectes,
1107 1927 1173 1973 alij
1201 1928 1274 1963 duo
1300 1927 1481 1965 innectes,

262 1985 316 2017 78.
367 1981 558 2028 Deripere.
609 1981 667 2017 ita
699 1981 882 2028 scriptum
914 1983 973 2017 est
1001 1981 1042 2016 in
1072 1981 1222 2030 tri-{bus
1256 1981 1416 2018 codicib.
1468 1983 1534 2018 sed
1570 1984 1728 2027 quartus

139 2035 268 2079 habet,
296 2035 467 2081 diripere.

260 2093 316 2125 81.
368 2089 516 2125 Plorem
541 2091 634 2126 artis
665 2091 708 2126 in
736 2094 769 2126 te
799 2091 856 2126 nil
887 2092 1031 2138 ayentis
1061 2092 1208 2127 exitum.
1260 2090 1334 2126 duo
1367 2090 1448 2127 cod.
1482 2090 1640 2138 habent,
1674 2091 1729 2126 nil

143 2143 293 2189 agentis
331 2142 491 2188 exitum3
531 2143 596 2189 alij
632 2143 724 2189 duo,
760 2143 815 2178 nil
854 2144 1003 2190 agentis
1035 2144 1169 2181 exitus,
1214 2143 1255 2179 in
1295 2143 1377 2181 vnis
1417 2145 1728 2181 annotationibus

142 2197 349 2245 scri-{ptum
378 2199 447 2243 est,
472 2196 642 2242 nunquid
667 2197 811 2243 plorem
838 2200 958 2233 artem
983 2209 1108 2234 meam
1130 2210 1205 2234 non
1223 2198 1429 2235 habentem
1447 2199 1488 2234 in
1507 2201 1546 2235 te
1571 2199 1727 2245 exitum,

144 2263 260 2296 quum
285 2251 430 2287 maiora
454 2250 619 2296 possim?

263 2318 298 2351 p.
318 2309 397 2342 157.
452 2305 607 2341 Carmen
631 2306 806 2341 saeculare
824 2333 831 2341 .
848 2333 856 2342 .
873 2333 880 2341 .

262 2363 295 2396 5.
321 2372 357 2406 p.
373 2363 452 2396 168.
507 2359 586 2406 Quo
619 2359 795 2407 Sibyllini
825 2370 995 2395 monuere
1025 2371 1158 2403 versus.
1209 2361 1370 2406 quatuor
1402 2360 1551 2397 codices
1588 2361 1725 2398 Bland.

138 2414 284 2450 habent
308 2414 382 2449 vna
409 2425 493 2448 cum
521 2412 602 2449 Car.
630 2412 847 2459 exemplari,
878 2412 984 2459 Quod
1009 2414 1185 2461 Sibyllini
1209 2426 1388 2452 monuere.

260 2471 317 2504 21.
343 2480 379 2513 p.
396 2470 475 2503 169.
529 2466 656 2504 Certus
680 2468 851 2504 vndenos.
902 2466 958 2502 ita
990 2467 1172 2514 scriptum
1200 2467 1329 2504 inueni
1353 2468 1393 2503 in
1418 2469 1582 2513 quatuor
1608 2468 1726 2505 codic.

143 2522 318 2558 Blandin.
345 2521 375 2556 86
402 2521 502 2558 Carr.

259 2588 296 2621 p.
314 2579 393 2612 170.
444 2575 545 2611 Nam
577 2575 678 2621 quod
709 2575 861 2611 nomine
893 2574 1111 2621 Porphyrio.
1145 2575 1184 2611 in
1216 2575 1382 2622 vulgatis
1415 2576 1523 2611 libris
1552 2576 1726 2621 habetur,

146 2629 292 2665 scilicet
317 2629 491 2675 syllepsis
518 2631 592 2676 est,
626 2640 670 2665 ex
696 2629 810 2665 verbo
838 2628 935 2674 enim
964 2628 1166 2674 singularis
1192 2629 1354 2675 numeri,
1393 2631 1535 2675 seruet,
1567 2629 1727 2674 pluralis

144 2683 313 2725 nascitur
345 2684 512 2719 seruent:
545 2683 617 2719 hoc
649 2695 719 2729 ego
752 2682 882 2718 inueni
906 2682 946 2717 in
972 2694 1044 2718 vno
1070 2683 1198 2718 codice
1224 2682 1467 2730 Blan-dinio,
1501 2684 1725 2719 adnotatum

144 2737 216 2772 hoc
241 2737 369 2783 modo,
397 2737 534 2772 Sensus
561 2739 619 2773 est
644 2739 667 2772 a
693 2736 892 2783 singulari,
927 2735 1097 2784 ser-luet,
1130 2736 1180 2771 ad
1211 2736 1376 2782 plurale,
1411 2738 1575 2781 seruate,
1609 2737 1651 2773 vt
1675 2737 1726 2772 sit

147 2789 264 2826 Ordo:
297 2789 327 2825 O
354 2800 421 2831 vos,
445 2800 595 2826 veraces
620 2790 794 2838 Par-lca),
828 2792 976 2826 seruate
1002 2790 1103 2835 quod
1129 2789 1272 2826 dictum
1305 2791 1364 2825 est
1387 2801 1453 2825 vos
1489 2790 1605 2826 semel
1632 2790 1726 2826 ceci-

265 2941 300 2985 1)
325 2938 442 2974 miluo
469 2939 546 2976 cod.
569 2939 672 2976 Uarr.

213 3006 387 3033 Hormuvs
405 3006 430 3033 Ι.
459 3006 504 3032 ed.
518 3008 545 3033 2.
1389 3004 1435 3036 24
