2002 3224
839 138 1084 174 ΙᾸΒ.18-9
1242 143 1244 145 ’
1691 135 1745 177 27

446 256 644 305 temperet
675 263 743 291 ora
775 248 931 290 frenis?

386 336 458 364 cur
489 326 603 364 timet
634 323 779 363 ssauom
811 322 988 362 Tiberim
1020 318 1213 373 tangere?
1251 332 1323 360 cur
1356 319 1503 360 oliuom

446 397 638 448 sanguine
670 396 855 447 uiperino

386 469 540 508 cautius
573 468 673 507 uitat
704 479 834 519 neque
867 467 945 505 iam
978 465 1101 505 liuida
1133 469 1262 517 gestat
1294 465 1415 504 armis
1705 471 1749 503 10

444 540 647 594 bracchia,
679 551 797 591 saepe
830 539 959 591 disco,

386 624 504 664 saepe
536 616 646 652 trans
679 611 800 651 finem
833 610 961 650 iaculo
993 609 1139 650 nobilis
1173 605 1388 661 expedito?

446 684 541 736 quid
573 683 686 737 latet,
718 688 763 723 ut
794 684 970 723 marinae

385 755 511 796 filium
544 756 682 796 dicunt
713 754 894 795 Thetidis
927 754 1002 794 suh
1034 753 1244 794 lacrimosa
1275 753 1416 792 Troiae

447 829 604 882 funera,
636 841 685 868 ne
718 827 848 868 uirilis
1707 831 1751 863 15

385 900 514 940 cultus
547 902 588 940 in
621 900 782 940 caedem
815 904 854 938 et
886 899 1026 951 Lycias
1058 899 1286 951 proriperet
1319 895 1530 937 cateruas?

878 1115 1033 1162 VIIII.

550 1211 669 1251 Vides
701 1216 746 1251 ut
778 1211 854 1251 alta
887 1215 965 1250 stet
997 1211 1090 1250 niue
1123 1209 1337 1250 candidum

294 1338 343 1375 10
361 1350 415 1383 sq.
443 1339 486 1376 S:
514 1339 608 1374 Stat.
629 1338 697 1374 Th.
718 1338 769 1373 VI
789 1341 857 1373 133
874 1349 946 1383 sq.:
986 1337 1136 1373 liuida
1167 1337 1250 1373 nati
1276 1335 1497 1372 bracchia
1621 1335 1669 1370 12
1709 1335 1752 1372 S:

172 1386 303 1423 Auien.
332 1398 363 1422 o.
392 1389 419 1423 t.
444 1386 656 1432 324sq.H.:
705 1387 791 1422 trux
829 1386 1029 1430 Garamas,
1067 1385 1227 1432 pedibus
1267 1384 1399 1431 pernix
1431 1386 1470 1420 et
1508 1382 1752 1419 arundinis

172 1446 254 1470 usu
286 1433 463 1470 nobilis
610 1434 766 1470 13-16
806 1445 849 1469 ex
888 1433 1081 1480 Euripidis
1120 1435 1303 1480 Σκυρίαις
1334 1433 1429 1468 haec
1461 1433 1636 1468 mutuata
1672 1442 1754 1466 esse

172 1482 387 1528 suspicatur
411 1482 557 1519 Garcke
680 1482 730 1518 13
744 1493 798 1527 sq.
827 1482 869 1518 S:
895 1482 982 1518 Eur.
1004 1482 1118 1518 Andr.
1143 1485 1228 1518 108:
1267 1485 1375 1522 παῖς
1401 1480 1533 1521 ἁλίας
1561 1477 1754 1520 Θέτιδος

174 1529 223 1566 14
238 1541 293 1576 sq.
326 1530 368 1567 S:
402 1531 508 1567 Lucr.
530 1531 560 1566 V
583 1533 670 1566 326:
707 1530 869 1565 funera
894 1529 1058 1565 Troiae
1091 1531 1103 1575 ΙΙ
1136 1529 1230 1566 Stat.
1253 1529 1344 1566 Ach.
1364 1529 1382 1564 I
1401 1532 1465 1565 85:
1504 1527 1754 1573 Phrygiarum

171 1578 304 1614 funera.
328 1580 493 1615 matrum
645 1577 694 1614 15
710 1590 763 1623 sq.
805 1578 847 1614 S:
887 1577 993 1613 Pind.
1015 1577 1060 1613 N.
1082 1581 1114 1623 3,
1136 1582 1180 1613 59
1198 1590 1296 1623 sqq.‚
1324 1577 1390 1612 ubi
1415 1576 1596 1622 Achilles,
1632 1575 1753 1622 prius-

171 1626 290 1672 quam'
322 1627 425 1673 apud
459 1626 697 1672 Lycomeden
732 1624 902 1669 delituit,
942 1636 965 1660 a
1000 1625 1160 1661 Chirone
1196 1625 1382 1661 Centauro
1419 1625 1468 1660 ad
1502 1635 1562 1660 res
1594 1633 1753 1670 magnas

172 1674 356 1710 educatus
382 1686 464 1710 esse
490 1674 641 1719 dicitur,
673 1675 717 1709 ut
743 1672 948 1718 aliquando
975 1673 1092 1708 etiam
1117 1673 1282 1709 hostium
1309 1672 1474 1719 impetus
1500 1671 1754 1708 ferocissimos

171 1721 390 1760 sustineret:
430 1722 531 1769 ὄφρα
552 1751 559 1758 .
576 1752 582 1758 .
601 1752 607 1758 .
628 1721 822 1767 πεμφθεὶς
852 1721 926 1756 ὑπὸ
963 1723 1111 1767 Τρωιάν
1145 1723 1374 1767 δορίκτυπον
1400 1719 1545 1756 ἀλαλὰν
1572 1721 1754 1756 Λυκίων

170 1782 209 1806 τε
233 1768 439 1816 προσμένοι
464 1770 530 1806 καὶ
558 1773 714 1817 Φρυγῶν
740 1768 954 1815 Δαρδάνων
980 1782 1019 1805 τε

290 1831 306 1865 I
333 1835 366 1866 9.
418 1830 515 1866 1-8
543 1831 587 1868 S:
613 1829 774 1866 Alcaeus
801 1829 845 1864 fr.
868 1829 982 1866 34B.:
1010 1829 1069 1865 ὕει
1094 1829 1163 1876 μὲν
1190 1830 1209 1865 ὀ
1234 1829 1336 1874 Ζεύς,
1365 1826 1406 1865 ἐκ
1433 1828 1470 1865 δ’
1495 1827 1619 1875 ὀροὶνω
1640 1826 1754 1874 μέγας

291 1949 1072 1996 Ωτ-ΑΒΟΒΡ(φψ)Βγδλ’(λῐ)νπαῑι]
1171 1950 1195 1985 6
1228 1949 1383 1995 equales
1412 1950 1532 1995 Aylu
1577 1947 1754 1994 aequales

169 2009 248 2042 cett.
322 2004 471 2050 equitat
490 2018 546 2051 γπ
579 2004 752 2050 aequitat
771 2006 810 2040 δι
845 2003 1015 2049 aequitet
1035 2005 1075 2039 82
1102 2003 1247 2049 equitet
1271 2004 1308 2039 R
1346 2003 1492 2049 equitet
1518 2007 1595 2040 cett.
1671 2014 1708 2038 u.
1733 2002 1752 2037 7

169 2070 236 2095 om.
257 2071 347 2106 apr.
423 2059 626 2105 Temperat
650 2060 689 2094 δι
704 2059 812 2095 schol.
828 2072 848 2104 γ
888 2058 1086 2104 Temperet
1110 2058 1148 2094 R
1189 2057 1390 2103 Temperet
1416 2062 1494 2094 cett.
1564 2056 1659 2092 hora
1684 2057 1708 2091 δ

170 2112 194 2147 8
219 2111 356 2148 flauom
382 2125 407 2149 a
415 2125 474 2159 pr.
490 2114 535 2159 (2³)
572 2112 713 2148 flauum
738 2117 816 2149 cett.
832 2123 960 2149 acorr.
975 2112 1041 2148 Ac.
1117 2111 1280 2157 tyberim
1305 2126 1357 2158 γυ
1391 2111 1566 2160 tislberim
1591 2112 1616 2147 ὃ
1689 2111 1754 2146 oli·

168 2178 258 2202 wum
278 2166 315 2202 R
352 2166 495 2202 oliuum
514 2171 593 2203 cett.
682 2166 813 2202 8—10
840 2165 913 2202 Cur
932 2165 1044 2201 timet
1063 2165 1204 2201 flauum
1224 2195 1231 2202 .
1249 2196 1255 2202 .
1272 2195 1279 2202 .
1294 2166 1296 2212 Ι
1314 2165 1387 2202 Cur
1407 2165 1550 2201 oliuum
1571 2163 1755 2210 sanguine

257 2247 260 2289 Ι
295 2243 451 2280 Cautius
478 2243 623 2288 (Catius
654 2244 700 2288 C)
732 2243 833 2279 uitat
861 2243 1001 2280 6*an
1112 2244 1135 2279 9
1167 2229 1347 2290 uipereno
1374 2243 1409 2278 A
1515 2243 1566 2279 lo
1597 2241 1693 2278 armi
1720 2242 1755 2277 Β

171 2297 218 2333 11
251 2297 436 2333 Bracchia
467 2298 626 2333 ABDa
669 2297 744 2332 Bra
776 2296 863 2333 chia
895 2298 908 2333 l
950 2297 1113 2333 Brachia
1145 2302 1223 2334 cett.
1249 2299 1317 2334 Ae.
1415 2308 1503 2343 sepe
1538 2297 1683 2342 AByu

173 2351 221 2387 12
254 2351 349 2397 Sepe
380 2352 480 2398 Byu
577 2351 714 2387 nobilis
740 2350 805 2387 ille
832 2351 1008 2397 expedito
1036 2351 1129 2397 Fu,
1158 2353 1221 2388 sed
1245 2353 1287 2388 in
1312 2366 1339 2387 π
1370 2351 1436 2387 ille
1466 2363 1583 2398 supra
1608 2362 1755 2387 uersum

170 2417 237 2441 scr.
357 2405 406 2441 13
433 2405 577 2441 marine
603 2420 624 2451 γ
740 2405 790 2441 14
816 2404 931 2441 dicun
955 2405 1010 2442 R1
1084 2404 1236 2453 Troiae]
1262 2407 1367 2441 trans
1393 2406 1430 2441 B
1541 2405 1591 2441 15
1617 2404 1692 2453 nell
1715 2405 1752 2440 R

170 2472 214 2496 ne
239 2460 279 2495 D
362 2470 409 2494 ne
429 2458 581 2507 ssuirilis
601 2473 623 2495 ν
710 2458 847 2507 uirilis]
874 2458 1002 2495 uirelis
1029 2461 1068 2495 δι
1119 2459 1248 2495 uiriles
1275 2461 1332 2496 De
1344 2461 1415 2496 Fn
1425 2462 1459 2507 (e
1479 2461 1522 2496 in
1541 2461 1652 2505 ΜΗ)
1672 2461 1704 2506 ()

173 2513 222 2549 16
249 2513 404 2562 Culsstus
430 2526 452 2549 ν
527 2513 656 2549 cedem
682 2514 814 2550 Delu
886 2512 995 2549 licias
1020 2513 1217 2550 ADqu

290 2573 306 2608 Ι
334 2577 365 2609 9.
416 2572 483 2608 AD
516 2572 837 2609 THALIARCVM
863 2573 1164 2619 (TALIARCVM
1196 2573 1247 2619 A>
1286 2572 1350 2608 DE
1382 2572 1754 2608 VOLVPTATIBVS

174 2626 565 2671 (VOLVNTATIBVS
591 2628 642 2673 A)
668 2628 747 2663 AO
792 2627 1218 2663 ADTHALIARCHVM
1250 2629 1317 2672 (sic
1342 2639 1384 2672 a,
1422 2627 1487 2661 AD
1522 2625 1754 2661 THALIAR-

174 2679 277 2715 CVM
308 2680 348 2715 D
419 2680 485 2715 AD
511 2680 834 2718 TALIARCHVM
871 2681 923 2725 R)
962 2680 1216 2716 LIBERTVM
1254 2682 1372 2717 DRa
1445 2678 1754 2715 PARENETIGE

174 2732 496 2778 (PARANETICE
525 2735 610 2780 Fn)
635 2732 951 2770 TETRACOLOS
972 2735 1087 2778 (omis.
1109 2733 1163 2779 F)
1189 2734 1254 2768 AD
1275 2732 1633 2769 THALIARCHVM
1660 2732 1752 2779 (TA-

174 2797 429 2833 LIARCHVM
444 2812 472 2843 φ
510 2799 830 2835 THALIARCVM
851 2801 874 2835 δ
911 2792 1194 2835 THALIARTU
1207 2802 1248 2846 π)
1262 2799 1468 2835 PVERVM
1483 2797 1753 2835 SPECIOSVM

174 2850 463 2897 (SPETIOSVM
489 2854 532 2898 φ)
560 2853 664 2888 Fen
728 2853 1037 2889 PARANETICE
1073 2852 1392 2889 TETRACOLOS
1423 2852 1490 2888 AD
1521 2852 1754 2888 THALIAR-

174 2916 276 2954 CVM
307 2916 513 2952 PVERVM
538 2931 559 2963 γ
633 2918 946 2955 PARANETICE
995 2918 1313 2955 TETRACOLOS
1359 2918 1426 2954 AD
1473 2912 1754 2956 THALIARCV
