2002 3224
273 125 361 168 304
863 126 1055 162 HORATI
1079 126 1276 162 EPODON

1005 308 1111 356 VII.

563 404 661 458 Quo,
694 416 771 456 quo
806 403 966 443 scelesti
998 401 1144 443 ruitis?
1189 409 1256 444 aut
1287 417 1360 445 cur
1389 405 1564 447 dexteris

623 479 809 527 aptantur
841 487 957 515 enses
990 472 1171 515 conditi?

561 559 754 599 parumne
788 547 937 599 campis
970 551 1087 599 atque
1119 546 1303 599 Neptuno
1337 560 1457 601 super

623 618 794 658 fusumst
825 618 955 658 Latini
988 619 1210 672 sanguinis,

561 702 642 729 non
673 694 718 729 ut
750 689 941 742 superbas
974 689 1132 729 inuidae
1159 689 1407 743 Carthaginis
1827 703 1849 735 5

620 761 820 800 Romanus
852 773 965 800 arces
996 766 1151 814 ureret,

561 834 732 872 intactus
764 837 832 872 aut
863 831 1076 872 Britannus
1108 836 1153 872 ut
1184 832 1446 874 descenderet

622 916 732 943 sacra
765 908 967 943 catenatus
999 905 1084 957 uia,

560 975 629 1015 sed
661 980 705 1015 ut
737 974 956 1015 secundum
988 979 1081 1014 uota
1113 974 1350 1016 Parthorum
1382 989 1452 1017 sua

621 1046 719 1087 urbs
750 1046 847 1086 haec
878 1047 1029 1098 periret
1060 1045 1252 1087 dextera?
1807 1061 1852 1094 10

393 1198 512 1245 Epod.
535 1201 566 1234 7.
619 1197 714 1242 lsq.
743 1197 786 1234 S:
815 1196 898 1233 Sen.
919 1197 1075 1233 Phaedr.
1097 1201 1184 1234 533:
1216 1210 1292 1234 non
1323 1210 1428 1235 arma
1460 1211 1574 1236 saeua
1604 1199 1713 1236 miles
1745 1203 1853 1248 apta-

276 1247 346 1282 bat
368 1246 484 1282 manu
502 1247 514 1291 ΙΙ
533 1245 616 1281 Val.
640 1245 694 1280 Fl.
716 1245 748 1280 11
770 1248 840 1280 544
855 1257 927 1290 sq.:
954 1247 1138 1291 aptatque
1164 1245 1336 1291 superbis
1363 1258 1468 1282 arma
1492 1247 1630 1284 umeris
1653 1250 1667 1294 ΙΙ
1697 1248 1853 1292 Quintil.

279 1294 436 1330 declam.
458 1293 528 1328 IIII
548 1296 588 1329 4:
616 1303 722 1328 arma
746 1292 842 1327 mihi
863 1322 871 1330 .
889 1322 895 1329 .
912 1322 919 1329 .
940 1293 1022 1339 ipse
1048 1292 1296 1329 circumdedit
1321 1295 1360 1330 et
1385 1294 1462 1330 suis
1483 1296 1531 1331 ad
1550 1306 1717 1342 pugnam
1735 1296 1855 1333 mani-

278 1342 348 1377 bus
381 1340 533 1387 aptauit
678 1340 699 1375 1
727 1341 772 1376 T:
802 1340 904 1376 Seru.
931 1340 978 1375 de
1003 1353 1051 1376 m.
1078 1340 1166 1376 Hor.
1187 1341 1256 1376 ῙΠΙ
1282 1354 1316 1387 p.
1336 1345 1404 1378 471
1503 1354 1644 1389 praem.
1672 1343 1855 1390 ‘septima

277 1389 369 1425 ode'
410 1388 579 1424 Diomed.
605 1400 642 1434 p.
664 1391 733 1422 528
874 1388 917 1424 S:
957 1388 1068 1424 Prud.
1094 1388 1224 1434 psych.
1246 1392 1313 1424 351
1330 1401 1401 1434 sq.:
1440 1391 1526 1435 quis
1561 1390 1665 1427 furor
1698 1391 1854 1428 insanas

282 1437 407 1483 agitat
432 1436 594 1482 caligine
619 1437 782 1481 mentes,
816 1447 902 1480 quo
927 1435 1090 1470 ruitis?
1128 1436 1188 1471 cui
1214 1436 1312 1472 colla
1338 1437 1460 1473 datis?
1581 1438 1674 1484 3sq.
1700 1438 1746 1477 cf.
1774 1440 1855 1486 ‘pa-

277 1495 408 1520 rumne
435 1483 577 1529 campis
604 1485 718 1528 atque
744 1482 802 1519 N:
829 1495 870 1519 s:
897 1483 1022 1518 fusum
1048 1483 1204 1519 dextris’
1244 1484 1339 1521 Plot.
1365 1498 1400 1531 p.
1423 1489 1490 1521 525
1574 1486 1617 1523 S:
1644 1486 1727 1524 Seu.
1753 1487 1852 1525 Med.

276 1536 347 1567 452
371 1543 443 1576 sq.:
482 1531 722 1576 patriumque
759 1541 917 1576 regnum
955 1542 1126 1576 quaeque
1164 1531 1353 1568 fraternus
1379 1544 1487 1569 cruor
1523 1533 1690 1580 perfudit
1725 1545 1819 1570 arua
1841 1535 1854 1583 ΙΙ

280 1579 344 1615 Sil.
365 1580 415 1614 111
438 1583 505 1615 567
521 1591 594 1623 sq.:
633 1589 852 1624 parumne
886 1579 957 1613 est
988 1578 1102 1614 exilia
1134 1579 1293 1615 errantis
1325 1581 1449 1616 totum
1480 1580 1673 1626 quaesisse
1703 1593 1772 1628 per
1795 1593 1853 1618 or-

275 1627 386 1663 bem?
478 1627 575 1662 5—-7
604 1627 649 1662 cf.
671 1626 767 1662 Plot.
793 1638 828 1671 p.
851 1629 937 1662 528:
964 1637 1039 1661 non
1058 1648 1106 1653 ——
1125 1629 1191 1662 aut
1216 1627 1418 1663 Britannus
1438 1657 1446 1665 .
1463 1657 1471 1665 .
1487 1658 1495 1665 .
1570 1629 1593 1665 5
1608 1641 1663 1675 sq.
1689 1630 1735 1667 cf.
1755 1629 1852 1667 Plot.
1904 1625 1907 1627 ⁵

273 1687 310 1720 p.
328 1678 413 1710 525:
440 1686 515 1709 non
535 1675 578 1709 ut
604 1685 644 1709 s:
670 1673 707 1710 i:
734 1673 974 1718 Carthaginis
1002 1685 1106 1710 arces
1163 1675 1207 1711 S:
1234 1675 1329 1711 Stat.
1351 1676 1603 1722 s.13‚86sq.:
1630 1688 1852 1722 arcesque

280 1722 507 1767 superbae
546 1721 707 1756 Anxuris
726 1722 738 1766 ΙΙ
758 1721 952 1757 Claudian.
981 1721 1063 1758 Stil.
1090 1722 1190 1758 laud.
1217 1723 1235 1757 I
1261 1726 1346 1759 343:
1386 1723 1516 1759 saluae
1551 1723 1852 1772 Carthaginis

278 1781 406 1805 arces
481 1769 503 1804 5
532 1769 576 1806 S:
603 1768 692 1805 Sall.
709 1768 788 1804 Cat.
805 1772 859 1814 10,
877 1773 913 1805 1:
941 1769 1141 1815 Carthago,
1168 1770 1317 1805 aemula
1342 1770 1476 1816 imperi
1501 1771 1660 1806 Romani
1760 1772 1851 1816 qu.

276 1818 320 1854 S:
341 1817 552 1862 Symmach.
568 1816 633 1852 rel.
645 1820 703 1862 47,
720 1820 758 1852 1:
785 1816 961 1862 uidimus,
983 1827 1079 1861 quae
1099 1817 1199 1852 lecta
1218 1817 1410 1862 miramur,
1430 1818 1695 1854 catenatum
1713 1829 1851 1865 agmen

277 1865 402 1900 uictae
429 1864 554 1912 gentis
579 1863 708 1899 induci
1775 1890 1776 1893 η

395 1994 514 2040 Epod.
537 1998 568 2029 7.
632 1996 667 2029 Ω
681 2012 725 2024 =
740 1992 1003 2040 A'(Aa)B'(B
1013 1994 1511 2042 O)F(q2w)RyM'(2l)2-cu]
1609 1996 1762 2032 PRIMO
1789 1996 1851 2033 CI-

274 2048 373 2084 VILI
404 2047 559 2082 BELLO
591 2047 756 2082 FINITO
788 2047 852 2082 VT
883 2047 947 2082 AB
978 2047 1090 2083 ALIO
1123 2048 1293 2093 (BELLO
1320 2050 1404 2085 add.
1425 2050 1476 2095 B)
1506 2049 1850 2086 ABSTINEATVR

275 2100 565 2148 (ABSTINEAT
590 2100 776 2144 A'B'z'u)
806 2100 1132 2136 DEPRECATVR
1163 2101 1383 2146 (AMONET
1403 2105 1422 2137 λ,
1459 2105 1656 2139 amonetu
1689 2103 1851 2140 AMMO·

274 2154 375 2190 NET
398 2156 429 2200 l)
455 2153 665 2200 A'B'yz'u,
679 2153 797 2199 γλάα
816 2155 901 2190 add.
924 2165 1015 2200 quae
1034 2155 1185 2200 legimus
1197 2156 1239 2190 in
1257 2155 1305 2201 F,
1323 2155 1354 2191 Ο
1374 2157 1458 2192 add.
1479 2156 1692 2192 METRVM
1717 2156 1851 2200 QVOD

276 2207 511 2243 SVPERIVS
593 2206 872 2243 TERNARIVS
904 2207 1135 2244 lAMBICVS
1167 2208 1400 2245 BINARIVS
1433 2209 1663 2246 IAMBICVS
1688 2209 1851 2246 EPODI·

276 2262 363 2298 Ovs
386 2260 635 2307 (IAMBICAE
662 2260 865 2297 PODICOS
885 2262 922 2297 R
954 2261 1361 2297 IAMBICEPODICOS
1381 2264 1418 2309 a)
1444 2263 1672 2308 FRyz'am
1697 2276 1720 2299 a
1745 2265 1852 2300 add..-

276 2316 336 2350 M’
355 2315 487 2358 QVOD
509 2314 666 2350 SVPRA
681 2314 719 2363 ->
752 2316 901 2350 titulum
920 2326 986 2351 om.
1007 2327 1034 2349 π
1109 2315 1173 2350 AD
1189 2335 1196 2343 -
1211 2315 1265 2350 R·
1281 2315 1332 2350 P·
1347 2316 1580 2352 DEBELLIS
1613 2316 1850 2353 CIUILIBUS

276 2391 488 2434 TNAmos
510 2372 1389 2434 ·1-1⁵3.o·}}1NARs-i-1}·o-Eromoos
1415 2400 1471 2435 az

397 2464 418 2499 1
447 2463 525 2507 Quo
551 2465 641 2511 quo]
669 2463 748 2506 Quo
773 2464 884 2499 modo
912 2464 939 2499 li
960 2468 1027 2500 aut
1040 2476 1099 2510 pr.
1174 2462 1324 2498 celestis
1348 2462 1458 2498 ruitis
1485 2465 1525 2499 δι
1563 2463 1738 2500 caelestis
1757 2463 1848 2501 uitis

277 2518 428 2555 Seruius
523 2517 634 2553 ruitis
659 2517 693 2552 R
789 2516 931 2552 dextris
956 2516 1164 2563 A'Bycm'
1185 2528 1303 2563 expos.
1323 2520 1422 2552 metr.
1468 2516 1632 2552 dexteris
1657 2522 1735 2554 cett.
1755 2519 1798 2553 δε

279 2570 462 2607 dexsteris
489 2571 640 2608 Seruius
713 2570 736 2605 2
762 2570 909 2616 Aptant
934 2583 980 2616 φι
1055 2569 1172 2606 coditi
1197 2571 1226 2606 11
1299 2570 1323 2605 3
1344 2569 1567 2617 lssneptuno,
1593 2581 1640 2606 ne
1659 2572 1702 2607 in
1719 2583 1805 2616 ras„
1826 2572 1851 2607 ὃ

1651 2627 1672 2645 V

326 2655 453 2701 super]
481 2665 627 2700 semper
650 2666 677 2690 u
783 2653 807 2689 4
833 2654 972 2689 Fusfist
995 2665 1039 2690 πι
1090 2654 1229 2689 Fusum
1254 2655 1312 2689 est
1336 2664 1381 2689 π2
1395 2658 1474 2690 cett.
1572 2653 1740 2700 sanginis
1758 2655 1803 2691 *B

279 2709 302 2744 5
327 2707 498 2754 inuidae]
523 2707 652 2743 inuide
677 2707 759 2743 AB
801 2707 970 2742 inuidiae
996 2708 1025 2743 li
1068 2707 1157 2743 inde
1181 2707 1270 2743 Rm
1368 2706 1600 2752 carthaginis
1627 2706 1718 2743 0λά
1763 2708 1850 2743 kar-

278 2760 445 2806 thaginis
471 2762 508 2796 R
545 2760 751 2807 cartaginis
777 2760 814 2796 A
851 2760 1061 2807 kartaginis
1087 2761 1298 2806 BFyavzu
1390 2760 1414 2795 6
1441 2762 1542 2796 artes
1571 2760 1602 2797 0
1669 2771 1796 2796 urerer
1813 2761 1851 2797 A

329 2816 347 2850 7
376 2814 590 2850 brittannus
617 2816 654 2851 A
679 2827 770 2851 corr.
789 2814 924 2860 GRyz'
1046 2814 1071 2849 9
1096 2814 1202 2861 uota]
1229 2815 1359 2849 uotum
1386 2814 1423 2850 R
1531 2813 1748 2860 parthorum
1772 2827 1802 2850 π

280 2885 330 2920 io
356 2865 427 2921 usss
456 2886 486 2921 ο
530 2885 625 2922 Urbs
649 2887 673 2922 ἃ
769 2886 920 2922 dextera
948 2886 979 2922 ο
1024 2885 1155 2921 dextra
1180 2885 1217 2921 A
