2002 3224
275 152 364 194 362
768 153 1025 190 EXCERPTA
1050 153 1302 197 CRVQVIAN
1304 154 1346 191 A.

276 271 358 296 sum
383 260 463 296 haec
487 261 620 299 verba:
646 273 692 298 ex
716 261 888 307 inuersis,
912 272 1066 308 quorum
1091 262 1224 308 templa
1249 262 1389 299 violata
1411 265 1499 299 sumt
1516 263 1558 299 iu
1576 263 1696 299 Italia
1715 274 1740 299 a
1758 263 1847 301 Poe-

273 315 346 360 nis,
364 316 494 351 exinde
512 316 602 352 recti
620 315 721 363 es-lse
740 326 872 361 coepere
890 315 963 361 Dij
975 315 1155 352 Romani:
1175 344 1184 352 .
1200 344 1208 352 .
1224 316 1290 362 .(p.
1305 316 1365 362 56)
1386 345 1394 352 .
1409 345 1416 353 .
1433 344 1441 353 .
1464 315 1571 359 Quod
1590 318 1718 353 autem
1737 316 1846 354 Com-

275 369 475 414 mentator,
500 370 657 415 rectum,
682 368 962 414 interpretetur,
988 368 1207 415 propitium,
1232 380 1309 405 non
1333 368 1487 404 memini
1510 380 1570 406 me
1594 369 1749 416 legisse:

394 425 450 459 65.
501 422 652 460 Merses.
702 422 776 458 duo
803 421 950 458 codices
975 421 1110 498 Ιῗὲαδιὲέ.
1130 423 1142 469 ΙΙ
1160 423 1210 468 (p.
1226 423 1286 469 57)
1310 422 1453 458 habent
1475 433 1625 470 mersus,

394 509 450 542 73.
500 506 715 551 Perficiwnt.
768 505 822 542 sic
851 505 969 542 habet
1000 506 1118 542 codex
1149 517 1213 542 an·
1218 504 1376 555 {tiquiss
1403 505 1536 542 Bland.
1568 517 1680 552 quem
1710 506 1845 544 ceteris

272 559 529 606 probatiorem
553 559 650 595 iudi·
637 559 719 608 —‚Jco

393 617 450 650 76.
487 613 561 650 Per
582 618 692 650 acuta
713 613 807 650 belli.
845 613 946 649 idem
966 613 1083 649 codex
1101 612 1163 649 h1c
1181 613 1309 660 habet,
1334 614 1526 660 peracuta,
1553 600 1664 650 vniea
1683 613 1848 651 dictione

275 666 502 713 composita.

394 721 486 757 IIII
511 720 551 767 5,
567 725 599 757 7.
626 733 662 767 p.
677 724 723 757 63
748 722 838 768 (loeo
858 722 928 767 62).
970 721 1124 758 Gratior
1141 721 1173 758 it
1191 721 1278 758 dies.
1315 732 1410 757 vnus
1430 721 1547 757 codex
1565 721 1700 757 Bland.
1720 721 1849 769 habet,

276 774 430 812 Gratior
454 776 487 811 ὥ·
511 775 588 812 dies
608 804 616 812 .
631 804 662 812 ..
694 775 799 810 Idem
825 775 942 810 codex
966 774 1029 810 hic
1053 773 1182 820 habet,
1207 775 1361 819 effulsit.-
1387 774 1452 820 alij
1480 774 1554 810 duo
1579 775 1747 820 adfulsit.

395 832 450 865 12.
500 829 666 865 Distinet
690 840 715 864 a
739 829 853 864 domo.
898 827 954 863 ita
980 826 1157 863 scribitur
1179 826 1220 862 in
1244 827 1368 863 tribus
1395 827 1586 864 codicibus
1610 828 1744 866 Bland.
1772 839 1851 865 rec-

276 880 352 916 tius
378 893 461 917 meo
487 881 628 917 iudicio
654 883 768 927 quam
795 881 959 927 detinet;

396 939 452 972 14.
502 936 647 972 Littore
671 936 844 971 demouet.
888 937 965 971 tres
991 934 1138 971 codices
1162 934 1308 970 habent
1331 935 1518 972 Dimouet.

397 992 454 1026 34.
480 1002 514 1035 p.
531 993 576 1024 64
602 990 692 1035 (loco
713 990 782 1035 63).
822 990 964 1034 Defuso
984 990 1136 1035 pateris.
1182 988 1237 1024 sic
1262 987 1379 1024 codex
1405 987 1691 1034 antiquissimus
1715 989 1848 1027 habet:

278 1042 343 1089 alij
371 1043 445 1079 duo
472 1043 707 1091 se-{quuntur
732 1043 890 1090 vulgata
914 1042 1087 1080 lectione.

392 1097 485 1133 IIII
509 1097 550 1143 6,
565 1101 621 1134 11.
652 1109 689 1143 p.
705 1101 761 1133 70.
810 1097 861 1133 Iu
880 1098 1046 1143 puluere.
1096 1097 1195 1133 hanc
1231 1096 1536 1143 praepositionem
1573 1098 1615 1134 in
1650 1096 1774 1143 reperi
1809 1095 1850 1133 in

274 1150 421 1186 duobus
447 1150 639 1187 codicibus
666 1151 799 1187 Bland.
826 1162 941 1196 quam
967 1149 1130 1186 arbitror
1154 1161 1230 1186 non
1255 1149 1544 1198 o-{mittendam.

395 1208 451 1240 21.
477 1217 514 1250 p.
525 1208 580 1242 72.
619 1205 675 1241 Ni
694 1206 769 1242 tuis
787 1205 904 1242 victus
918 1205 1145 1251 Venerisque.
1185 1204 1302 1240 codex
1322 1203 1609 1249 antiquissimus
1629 1203 1760 1242 Bland.
1780 1204 1848 1241 ha-

274 1258 350 1303 bet,
376 1260 504 1304 flexus.

394 1315 450 1349 28.
482 1324 518 1358 p.
537 1315 592 1348 73.
640 1312 764 1349 Leuis.
821 1310 1013 1348 imberbis.
1069 1310 1289 1360 Ti-{bullus,
1322 1310 1419 1346 Solis
1452 1312 1593 1347 aeterna
1624 1312 1683 1347 est
1706 1310 1848 1348 Phoebo

274 1365 498 1411 Bacchoque
524 1365 708 1413 iuuenlta3
735 1376 823 1400 nam
849 1365 959 1401 decet
987 1365 1160 1401 intonsus
1192 1364 1304 1400 crinis
1337 1366 1536 1410 vtrumque
1565 1364 1695 1401 Deum.
1722 1364 1848 1401 Codex

273 1419 406 1456 Bland.
433 1419 629 1465 antiquiss.
643 1418 670 1465 ¹)
695 1419 821 1465 habet,
848 1419 976 1455 Laetus
1000 1419 1198 1466 Ayyieu.²)

392 1476 543 1510 31—32.
576 1485 612 1518 p.
628 1476 683 1509 74.
740 1473 863 1510 Olaris
889 1474 1072 1519 patribus.
1130 1472 1260 1518 claris,
1296 1472 1484 1518 positiuus
1520 1483 1588 1518 pro
1627 1471 1846 1509 clarissimis

275 1526 423 1573 positus
450 1529 523 1562 est:
551 1526 650 1562 sicut
673 1526 801 1562 inueni
827 1526 866 1562 in
892 1525 1230 1574 annotatio-lnibus
1254 1525 1532 1572 manuscriptis.

392 1580 484 1616 IIII
512 1581 549 1627 7,
565 1583 620 1616 13.
647 1592 682 1625 p.
698 1583 756 1617 80.
801 1581 955 1616 Damna
979 1584 1110 1616 tamen.
1153 1579 1214 1615 hic
1240 1580 1418 1616 aduertat
1441 1580 1571 1625 lector,
1603 1580 1788 1625 quantum
1812 1579 1848 1616 ei

278 1634 493 1679 debeamus,
515 1633 580 1679 qui
599 1645 644 1669 ex
664 1633 1001 1682 ern-{notationibus
1023 1632 1184 1679 scriptis,
1204 1633 1326 1680 ijsc'ue
1344 1633 1529 1680 barbaris,
1549 1633 1660 1669 nobis
1678 1644 1746 1680 pro
1759 1644 1848 1670 vero

273 1689 421 1723 Acrone
447 1687 612 1723 obtrusit
636 1687 713 1723 iam
738 1687 829 1723 olim
849 1687 1008 1734 vulgata
1033 1687 1341 1735 commen-staria,
1369 1687 1435 1732 qui
1453 1687 1584 1723 videre
1608 1698 1685 1723 non
1708 1687 1846 1735 potuit,

275 1752 357 1786 quae
383 1741 519 1786 quibus
546 1742 672 1777 essent
699 1741 903 1777 reddenda.
941 1751 1029 1776 nam
1055 1741 1153 1776 hanc
1179 1740 1464 1777 annotationem
1490 1740 1846 1789 Commenta-lteris,

276 1795 376 1841 Quia
399 1796 642 1832 conditionem
671 1795 911 1831 mortalitatis
941 1796 1162 1841 temporibus
1191 1795 1285 1830 anui
1315 1796 1557 1840 comparauit,
1581 1793 1645 1830 Sic.
1671 1794 1848 1840 apposuit

272 1848 332 1883 his
348 1848 469 1884 verbis
489 1848 579 1884 odes
598 1848 860 1896 praecede-Itis,
877 1849 1098 1894 Celere'mque
1111 1858 1251 1893 pronos
1268 1849 1412 1884 voluere
1430 1849 1591 1883 meuseis.
1629 1847 1731 1892 quod
1748 1846 1844 1894 illi⁸)

272 1913 350 1957 ma·
369 1903 382 1945 11
400 1903 449 1948 (p.
466 1901 721 1947 81)nifestum
746 1902 834 1947 erit,
867 1901 900 1937 si
930 1901 1090 1947 vulgata
1114 1900 1270 1936 Acronis
1303 1900 1574 1937 commentaria
1599 1901 1769 1937 euoluat:
1795 1905 1844 1937 1ιό

272 1951 496 2021 1illllfiifflriimiiico
522 1985 675 2021 easdem
700 1983 965 2021 annotationes
990 1995 1065 2020 non
1090 1983 1332 2021 intellexisse.

394 2042 450 2074 15.
476 2051 512 2084 p.
528 2042 584 2075 81.
638 2038 717 2085 Quo
742 2039 834 2085 pius
864 2038 1020 2075 AEueas.
1071 2037 1196 2075 Codex
1226 2037 1357 2075 Bland.
1390 2036 1587 2083 antiquiss.
1618 2036 1737 2074 habet
1767 2037 1846 2086 Quo

267 2096 378 2139 pater
396 2093 551 2128 AEneas.

393 2149 447 2181 17.
492 2145 659 2182 Summae.
702 2145 819 2181 habet
843 2144 944 2181 idem
969 2145 1087 2181 codex
1103 2145 1206 2182 Vitae.
1233 2144 1342 2190 atqui
1363 2143 1569 2181 communis
1589 2144 1703 2182 lectio
1722 2145 1845 2192 magis

270 2198 399 2245 placet
422 2198 707 2244 metaphoriccbs
733 2210 756 2234 a
779 2210 932 2235 numero
958 2197 989 2234 83
1014 2198 1180 2236 calculis.

393 2256 545 2289 19—20.
571 2264 606 2298 p.
622 2256 678 2289 82.
729 2252 858 2289 Amico
890 2264 970 2299 quae
1001 2253 1143 2289 dederis
1174 2253 1308 2289 auimo.
1359 2252 1477 2288 verba
1502 2251 1844 2301 Commenta-{toris

272 2306 335 2341 hic
367 2305 459 2341 satis
493 2307 623 2367 aperte
649 2307 854 2342 ostendunt
889 2306 994 2344 Dare
1025 2308 1142 2344 amico
1177 2308 1301 2343 animo
1327 2317 1408 2342 esse
1433 2305 1630 2352 indulgere
1654 2305 1783 2353 genio,
1813 2305 1846 2342 81

273 2359 445 2395 hilariter
469 2360 608 2397 viuere.

393 2414 484 2450 IIII
510 2413 549 2461 8,
565 2418 597 2451 1.
623 2426 659 2460 p.
675 2418 732 2452 87.
781 2414 889 2450 Hanc
918 2413 1120 2450 lectionem
1143 2413 1410 2460 Horatianam,
1442 2412 1587 2449 scilicet
1619 2412 1846 2459 Commodus,

274 2466 305 2502 &
330 2479 406 2504 non
431 2468 653 2513 Commodis,
683 2469 726 2504 vt
755 2467 869 2513 vulgo
901 2467 1057 2514 legitur,
1090 2467 1202 2504 docet
1223 2466 1429 2502 Lambinus
1455 2477 1536 2502 esse
1560 2477 1688 2502 veram
1713 2466 1844 2503 multis

275 2521 466 2567 exemplis.
512 2521 565 2557 sic
591 2521 708 2557 etiam
732 2521 876 2557 habent
901 2522 979 2558 tres
1004 2520 1153 2558 codices
1178 2519 1380 2565 Blandinij.

395 2630 430 2675 1)
451 2628 568 2674 antiq.
585 2632 676 2665 1578
690 2640 727 2675 p.
736 2632 836 2665 229⁸.
913 2630 950 2675 2)
975 2628 1147 2674 Agylleu.
1185 2626 1275 2663 olim
1300 2638 1386 2662 cum
1403 2626 1494 2663 viris
1520 2625 1750 2663 doctissimis
1774 2638 1842 2673 pro

273 2676 465 2723 Agylleus,
487 2676 620 2722 scripsi
639 2676 818 2723 Agyieus,
839 2678 970 2712 contra
989 2686 1211 2712 consensum
1230 2673 1357 2710 011111111
1382 2673 1608 2732 scriptorum
1627 2673 1788 2712 codicfi.

272 2726 422 2770 (229b>.
509 2724 752 2761 Comentator
789 2726 878 2761 aute
915 2726 996 2760 tam
1032 2723 1072 2759 in
1109 2724 1287 2759 contextu
1324 2734 1398 2767 qua
1437 2721 1674 2758 enarratione
1714 2720 1843 2768 potius

272 2771 416 2807 Acrone
443 2770 474 2806 85
492 2772 671 2818 Porphyr.
696 2772 873 2818 vulgatos
899 2783 1014 2817 quam
1040 2770 1198 2815 antiqua
1223 2769 1364 2815 scripta
1389 2770 1561 2815 sequitur
1584 2781 1668 2815 quae
1691 2769 1733 2805 in
1755 2780 1845 2805 con-

273 2820 380 2854 textu
400 2819 525 2855 omnia
545 2821 764 2866 consonant,
790 2819 886 2856 sed
875 2831 915 2854 m
935 2817 1256 2863 annotationibus,
1281 2817 1446 2863 Bladinij
1467 2817 1621 2863 habent,
1647 2817 1842 2864 Agylleus,

272 2864 312 2900 id
350 2867 425 2912 est,
462 2866 644 2912 villanus,
678 2867 771 2912 quia
801 2867 842 2903 in
873 2866 973 2903 villis
999 2866 1031 2902 85
1054 2865 1148 2902 vicis
1173 2864 1309 2911 Apollo
1335 2876 1514 2911 responsa
1545 2865 1674 2901 dabat.
1702 2867 1795 2901 1678

275 2914 312 2959 3)
338 2913 456 2949 cuiuis
482 2925 572 2951 corr.
595 2926 636 2961 p.
657 2918 725 2950 144
