<?xml version="1.0" encoding="UTF-8"?>
<!DOCTYPE html PUBLIC "-//W3C//DTD XHTML 1.0 Transitional//EN"
    "http://www.w3.org/TR/xhtml1/DTD/xhtml1-transitional.dtd">
<html xmlns="http://www.w3.org/1999/xhtml" xml:lang="en" lang="en">
 <head>
  <title>
</title>
<meta http-equiv="Content-Type" content="text/html;charset=utf-8" />
  <meta name='ocr-system' content='tesseract 3.04.00' />
  <meta name='ocr-capabilities' content='ocr_page ocr_carea ocr_par ocr_line ocrx_word'/>
</head>
<body>
  <div class='ocr_page' id='page_1' title='image "./operahora01horauoft_0082.png"; bbox 0 0 2008 3230; ppageno 0'>
   <div class='ocr_carea' id='block_1_1' title="bbox 227 140 1211 187">
    <p class='ocr_par' dir='ltr' id='par_1_1' title="bbox 227 140 1211 187">
     <span class='ocr_line' id='line_1_1' title="bbox 227 140 1211 187; baseline 0.007 -8"><span class='ocrx_word' id='word_1_1' title='bbox 227 140 231 143; x_wconf 80' lang='grc'>’</span> <span class='ocrx_word' id='word_1_2' title='bbox 277 144 461 180; x_wconf 83' lang='lat' dir='ltr'>LXXVIII</span> <span class='ocrx_word' id='word_1_3' title='bbox 923 144 1211 187; x_wconf 59' lang='lat' dir='ltr'><strong>PRAEFATIOss</strong></span> 
     </span>
    </p>
   </div>
   <div class='ocr_carea' id='block_1_2' title="bbox 946 295 1178 336">
    <p class='ocr_par' dir='ltr' id='par_1_2' title="bbox 946 295 1178 336">
     <span class='ocr_line' id='line_1_2' title="bbox 946 295 1178 336; baseline 0.013 -3"><span class='ocrx_word' id='word_1_4' title='bbox 946 295 1178 336; x_wconf 85' lang='lat' dir='ltr'>Rossianus.</span> 
     </span>
    </p>
   </div>
   <div class='ocr_carea' id='block_1_3' title="bbox 395 374 1850 421">
    <p class='ocr_par' dir='ltr' id='par_1_3' title="bbox 395 374 1850 421">
     <span class='ocr_line' id='line_1_3' title="bbox 395 374 1850 421; baseline 0.003 -5"><span class='ocrx_word' id='word_1_5' title='bbox 395 378 501 416; x_wconf 88' lang='lat' dir='ltr'>Huic</span> <span class='ocrx_word' id='word_1_6' title='bbox 547 378 726 417; x_wconf 88' lang='lat' dir='ltr'>familiae</span> <span class='ocrx_word' id='word_1_7' title='bbox 766 374 814 416; x_wconf 92' lang='lat' dir='ltr'>u&#39;</span> <span class='ocrx_word' id='word_1_8' title='bbox 853 378 1177 418; x_wconf 78' lang='lat' dir='ltr'>adnumerandus</span> <span class='ocrx_word' id='word_1_9' title='bbox 1224 379 1347 418; x_wconf 89' lang='lat' dir='ltr'>etiam</span> <span class='ocrx_word' id='word_1_10' title='bbox 1394 392 1478 419; x_wconf 89' lang='lat' dir='ltr'>esse</span> <span class='ocrx_word' id='word_1_11' title='bbox 1517 380 1682 420; x_wconf 90' lang='lat' dir='ltr'>uidetur</span> <span class='ocrx_word' id='word_1_12' title='bbox 1728 381 1850 421; x_wconf 82' lang='lat' dir='ltr'><strong>codex</strong></span> 
     </span>
    </p>
   </div>
   <div class='ocr_carea' id='block_1_4' title="bbox 276 449 1852 1039">
    <p class='ocr_par' dir='ltr' id='par_1_4' title="bbox 276 449 1852 1039">
     <span class='ocr_line' id='line_1_4' title="bbox 277 449 1848 491; baseline 0.002 -4"><span class='ocrx_word' id='word_1_13' title='bbox 277 449 494 487; x_wconf 83' lang='lat' dir='ltr'>Rossianus</span> <span class='ocrx_word' id='word_1_14' title='bbox 527 449 677 488; x_wconf 88' lang='lat' dir='ltr'>saeculi</span> <span class='ocrx_word' id='word_1_15' title='bbox 708 449 961 488; x_wconf 85' lang='lat' dir='ltr'>XII-XIII</span> <span class='ocrx_word' id='word_1_16' title='bbox 992 450 1035 489; x_wconf 94' lang='lat' dir='ltr'>in</span> <span class='ocrx_word' id='word_1_17' title='bbox 1065 450 1309 490; x_wconf 71' lang='lat' dir='ltr'><strong>bibliotheca</strong></span> <span class='ocrx_word' id='word_1_18' title='bbox 1341 451 1546 491; x_wconf 90' lang='lat' dir='ltr'>societatis</span> <span class='ocrx_word' id='word_1_19' title='bbox 1577 451 1669 491; x_wconf 86' lang='lat' dir='ltr'>Iesu</span> <span class='ocrx_word' id='word_1_20' title='bbox 1699 452 1848 491; x_wconf 89' lang='lat' dir='ltr'>Vindo-</span> 
     </span>
     <span class='ocr_line' id='line_1_5' title="bbox 276 509 1850 562; baseline 0.003 -16"><span class='ocrx_word' id='word_1_21' title='bbox 276 509 440 547; x_wconf 83' lang='lat' dir='ltr'>bonensi</span> <span class='ocrx_word' id='word_1_22' title='bbox 472 509 721 560; x_wconf 86' lang='lat' dir='ltr'>adseruatus,</span> <span class='ocrx_word' id='word_1_23' title='bbox 755 522 874 559; x_wconf 89' lang='lat' dir='ltr'>quem</span> <span class='ocrx_word' id='word_1_24' title='bbox 905 509 1116 560; x_wconf 74' lang='lat' dir='ltr'>descripsit</span> <span class='ocrx_word' id='word_1_25' title='bbox 1146 511 1363 561; x_wconf 87' lang='lat' dir='ltr'>uariasque</span> <span class='ocrx_word' id='word_1_26' title='bbox 1401 511 1594 551; x_wconf 83' lang='lat' dir='ltr'>lectiones</span> <span class='ocrx_word' id='word_1_27' title='bbox 1625 511 1850 562; x_wconf 83' lang='lat' dir='ltr'>publicavit</span> 
     </span>
     <span class='ocr_line' id='line_1_6' title="bbox 278 568 1850 622; baseline 0.003 -17"><span class='ocrx_word' id='word_1_28' title='bbox 278 568 306 605; x_wconf 92' lang='lat' dir='ltr'>I.</span> <span class='ocrx_word' id='word_1_29' title='bbox 334 568 510 619; x_wconf 83' lang='lat' dir='ltr'>Wagner</span> <span class='ocrx_word' id='word_1_30' title='bbox 540 568 582 606; x_wconf 93' lang='lat' dir='ltr'>in</span> <span class='ocrx_word' id='word_1_31' title='bbox 612 570 909 619; x_wconf 79' lang='lat' dir='ltr'>programmate</span> <span class='ocrx_word' id='word_1_32' title='bbox 941 570 1142 620; x_wconf 83' lang='lat' dir='ltr'>gymnasii</span> <span class='ocrx_word' id='word_1_33' title='bbox 1166 570 1502 622; x_wconf 85' lang='lat' dir='ltr'>Kalksburgensis</span> <span class='ocrx_word' id='word_1_34' title='bbox 1531 572 1656 610; x_wconf 90' lang='grc'><strong>1896.</strong></span> <span class='ocrx_word' id='word_1_35' title='bbox 1717 571 1850 610; x_wconf 86' lang='lat' dir='ltr'>Antea</span> 
     </span>
     <span class='ocr_line' id='line_1_7' title="bbox 276 627 1849 682; baseline 0.003 -17"><span class='ocrx_word' id='word_1_36' title='bbox 276 627 356 665; x_wconf 88' lang='lat' dir='ltr'>fuit</span> <span class='ocrx_word' id='word_1_37' title='bbox 380 627 422 666; x_wconf 92' lang='lat' dir='ltr'>in</span> <span class='ocrx_word' id='word_1_38' title='bbox 447 627 688 666; x_wconf 85' lang='lat' dir='ltr'>bibliotheca</span> <span class='ocrx_word' id='word_1_39' title='bbox 713 628 910 667; x_wconf 86' lang='lat' dir='ltr'>Rossiana</span> <span class='ocrx_word' id='word_1_40' title='bbox 937 627 1001 680; x_wconf 77' lang='lat' dir='ltr'>(de</span> <span class='ocrx_word' id='word_1_41' title='bbox 1022 628 1169 682; x_wconf 87' lang='lat' dir='ltr'>Rossi).</span> <span class='ocrx_word' id='word_1_42' title='bbox 1221 629 1327 669; x_wconf 91' lang='lat' dir='ltr'>Ordo</span> <span class='ocrx_word' id='word_1_43' title='bbox 1353 630 1548 669; x_wconf 89' lang='lat' dir='ltr'>librorum</span> <span class='ocrx_word' id='word_1_44' title='bbox 1566 627 1663 670; x_wconf 83' lang='lat' dir='ltr'>Hor.</span> <span class='ocrx_word' id='word_1_45' title='bbox 1683 631 1748 670; x_wconf 89' lang='lat' dir='ltr'>hic</span> <span class='ocrx_word' id='word_1_46' title='bbox 1771 632 1849 670; x_wconf 88' lang='lat' dir='ltr'>est:</span> 
     </span>
     <span class='ocr_line' id='line_1_8' title="bbox 277 682 1849 743; baseline 0.003 -18"><span class='ocrx_word' id='word_1_47' title='bbox 277 699 408 738; x_wconf 77' lang='lat' dir='ltr'>carm,</span> <span class='ocrx_word' id='word_1_48' title='bbox 440 700 470 726; x_wconf 93' lang='lat' dir='ltr'>c.</span> <span class='ocrx_word' id='word_1_49' title='bbox 507 699 548 739; x_wconf 89' lang='lat' dir='ltr'>s.,</span> <span class='ocrx_word' id='word_1_50' title='bbox 581 687 705 738; x_wconf 78' lang='lat' dir='ltr'>epod,</span> <span class='ocrx_word' id='word_1_51' title='bbox 745 700 777 726; x_wconf 92' lang='lat' dir='ltr'>c.</span> <span class='ocrx_word' id='word_1_52' title='bbox 813 701 840 727; x_wconf 89' lang='lat' dir='ltr'>s.</span> <span class='ocrx_word' id='word_1_53' title='bbox 881 682 1078 743; x_wconf 87' lang='lat' dir='ltr'>(iterum),</span> <span class='ocrx_word' id='word_1_54' title='bbox 1117 701 1151 727; x_wconf 88' lang='lat' dir='ltr'>a.</span> <span class='ocrx_word' id='word_1_55' title='bbox 1177 703 1227 740; x_wconf 91' lang='lat' dir='ltr'>p.,</span> <span class='ocrx_word' id='word_1_56' title='bbox 1269 702 1396 741; x_wconf 91' lang='lat' dir='ltr'>serm.,</span> <span class='ocrx_word' id='word_1_57' title='bbox 1437 690 1566 741; x_wconf 85' lang='lat' dir='ltr'>epist.;</span> <span class='ocrx_word' id='word_1_58' title='bbox 1607 691 1722 740; x_wconf 89' lang='lat' dir='ltr'>epist.</span> <span class='ocrx_word' id='word_1_59' title='bbox 1753 690 1797 728; x_wconf 93' lang='grc' dir='ltr'>Π</span> <span class='ocrx_word' id='word_1_60' title='bbox 1823 691 1849 728; x_wconf 99' lang='grc'>2</span> 
     </span>
     <span class='ocr_line' id='line_1_9' title="bbox 276 746 1850 800; baseline 0.003 -16"><span class='ocrx_word' id='word_1_61' title='bbox 276 760 346 784; x_wconf 86' lang='grc'>1111.</span> <span class='ocrx_word' id='word_1_62' title='bbox 375 747 457 784; x_wconf 94' lang='grc'>215</span> <span class='ocrx_word' id='word_1_63' title='bbox 473 759 530 797; x_wconf 91' lang='lat' dir='ltr'>sq.</span> <span class='ocrx_word' id='word_1_64' title='bbox 558 746 701 785; x_wconf 88' lang='lat' dir='ltr'>abscisi</span> <span class='ocrx_word' id='word_1_65' title='bbox 726 748 766 786; x_wconf 89' lang='lat' dir='ltr'>et</span> <span class='ocrx_word' id='word_1_66' title='bbox 792 760 816 785; x_wconf 88' lang='lat' dir='ltr'>a</span> <span class='ocrx_word' id='word_1_67' title='bbox 841 760 964 786; x_wconf 90' lang='lat' dir='ltr'>manu</span> <span class='ocrx_word' id='word_1_68' title='bbox 989 749 1164 788; x_wconf 90' lang='lat' dir='ltr'>secunda</span> <span class='ocrx_word' id='word_1_69' title='bbox 1189 749 1367 800; x_wconf 87' lang='lat' dir='ltr'>suppleti</span> <span class='ocrx_word' id='word_1_70' title='bbox 1392 752 1498 789; x_wconf 87' lang='lat' dir='ltr'>sunt.</span> <span class='ocrx_word' id='word_1_71' title='bbox 1547 749 1684 788; x_wconf 80' lang='lat' dir='ltr'>Etiam</span> <span class='ocrx_word' id='word_1_72' title='bbox 1708 761 1850 789; x_wconf 81' lang='lat' dir='ltr'>uersus</span> 
     </span>
     <span class='ocr_line' id='line_1_10' title="bbox 277 806 1849 856; baseline 0.003 -12"><span class='ocrx_word' id='word_1_73' title='bbox 277 806 338 844; x_wconf 92' lang='lat' dir='ltr'>illi</span> <span class='ocrx_word' id='word_1_74' title='bbox 370 808 459 845; x_wconf 88' lang='lat' dir='ltr'>octo</span> <span class='ocrx_word' id='word_1_75' title='bbox 491 806 724 856; x_wconf 87' lang='lat' dir='ltr'>interpolati</span> <span class='ocrx_word' id='word_1_76' title='bbox 756 809 848 846; x_wconf 88' lang='lat' dir='ltr'>ante</span> <span class='ocrx_word' id='word_1_77' title='bbox 887 820 999 847; x_wconf 86' lang='lat' dir='ltr'>serm.</span> <span class='ocrx_word' id='word_1_78' title='bbox 1025 808 1046 846; x_wconf 93' lang='lat' dir='ltr'>I</span> <span class='ocrx_word' id='word_1_79' title='bbox 1074 810 1128 847; x_wconf 89' lang='lat'>10</span> <span class='ocrx_word' id='word_1_80' title='bbox 1161 822 1184 847; x_wconf 90' lang='lat' dir='ltr'>a</span> <span class='ocrx_word' id='word_1_81' title='bbox 1216 809 1389 848; x_wconf 89' lang='lat' dir='ltr'>secunda</span> <span class='ocrx_word' id='word_1_82' title='bbox 1428 822 1552 848; x_wconf 89' lang='lat' dir='ltr'>manu</span> <span class='ocrx_word' id='word_1_83' title='bbox 1584 809 1712 847; x_wconf 88' lang='lat' dir='ltr'>additi</span> <span class='ocrx_word' id='word_1_84' title='bbox 1743 810 1849 848; x_wconf 85' lang='lat' dir='ltr'>sunt.</span> 
     </span>
     <span class='ocr_line' id='line_1_11' title="bbox 278 864 1850 919; baseline 0.003 -16"><span class='ocrx_word' id='word_1_85' title='bbox 278 865 463 904; x_wconf 82' lang='lat' dir='ltr'>Ceterum</span> <span class='ocrx_word' id='word_1_86' title='bbox 495 868 535 905; x_wconf 90' lang='lat' dir='ltr'>et</span> <span class='ocrx_word' id='word_1_87' title='bbox 566 866 673 916; x_wconf 85' lang='lat' dir='ltr'>ipsas</span> <span class='ocrx_word' id='word_1_88' title='bbox 711 866 906 906; x_wconf 86' lang='lat' dir='ltr'>secundae</span> <span class='ocrx_word' id='word_1_89' title='bbox 946 880 1089 906; x_wconf 87' lang='lat' dir='ltr'>manus</span> <span class='ocrx_word' id='word_1_90' title='bbox 1128 870 1374 908; x_wconf 88' lang='lat' dir='ltr'>correcturas</span> <span class='ocrx_word' id='word_1_91' title='bbox 1413 882 1460 907; x_wconf 84' lang='lat' dir='ltr'>ex</span> <span class='ocrx_word' id='word_1_92' title='bbox 1497 868 1654 907; x_wconf 87' lang='lat' dir='ltr'>familia</span> <span class='ocrx_word' id='word_1_93' title='bbox 1685 864 1730 907; x_wconf 89' lang='lat' dir='ltr'>u&#39;</span> <span class='ocrx_word' id='word_1_94' title='bbox 1760 881 1850 919; x_wconf 89' lang='lat' dir='ltr'>pro-</span> 
     </span>
     <span class='ocr_line' id='line_1_12' title="bbox 277 925 1852 979; baseline 0.003 -16"><span class='ocrx_word' id='word_1_95' title='bbox 277 926 402 964; x_wconf 86' lang='lat' dir='ltr'>fectas</span> <span class='ocrx_word' id='word_1_96' title='bbox 429 938 512 964; x_wconf 86' lang='lat' dir='ltr'>esse</span> <span class='ocrx_word' id='word_1_97' title='bbox 539 926 748 977; x_wconf 89' lang='lat' dir='ltr'>cernimus,</span> <span class='ocrx_word' id='word_1_98' title='bbox 775 929 823 964; x_wconf 92' lang='lat' dir='ltr'>ut</span> <span class='ocrx_word' id='word_1_99' title='bbox 848 939 878 965; x_wconf 91' lang='lat' dir='ltr'>c.</span> <span class='ocrx_word' id='word_1_100' title='bbox 905 927 925 964; x_wconf 96' lang='lat' dir='ltr'>I</span> <span class='ocrx_word' id='word_1_101' title='bbox 953 928 1020 979; x_wconf 84' lang='lat'>23,</span> <span class='ocrx_word' id='word_1_102' title='bbox 1048 929 1069 965; x_wconf 91' lang='lat'>1</span> <span class='ocrx_word' id='word_1_103' title='bbox 1098 926 1261 978; x_wconf 73' lang='lat' dir='ltr'>uita[s].</span> <span class='ocrx_word' id='word_1_104' title='bbox 1314 941 1344 967; x_wconf 91' lang='lat' dir='ltr'>c.</span> <span class='ocrx_word' id='word_1_105' title='bbox 1371 928 1391 965; x_wconf 92' lang='grc' dir='ltr'>Ι</span> <span class='ocrx_word' id='word_1_106' title='bbox 1419 929 1486 979; x_wconf 89' lang='grc'>28,</span> <span class='ocrx_word' id='word_1_107' title='bbox 1509 929 1561 967; x_wconf 91' lang='grc'>19</span> <span class='ocrx_word' id='word_1_108' title='bbox 1589 925 1852 978; x_wconf 64' lang='lat' dir='ltr'>dens[a]nvwr</span> 
     </span>
     <span class='ocr_line' id='line_1_13' title="bbox 280 979 1792 1039; baseline 0.003 -17"><span class='ocrx_word' id='word_1_109' title='bbox 280 979 397 1037; x_wconf 86' lang='lat' dir='ltr'>(item</span> <span class='ocrx_word' id='word_1_110' title='bbox 422 979 478 1038; x_wconf 87' lang='lat' dir='ltr'>v).</span> <span class='ocrx_word' id='word_1_111' title='bbox 535 998 565 1023; x_wconf 88' lang='lat' dir='ltr'>c.</span> <span class='ocrx_word' id='word_1_112' title='bbox 592 985 675 1023; x_wconf 89' lang='lat' dir='ltr'>IIII</span> <span class='ocrx_word' id='word_1_113' title='bbox 701 987 739 1037; x_wconf 86' lang='lat'>4,</span> <span class='ocrx_word' id='word_1_114' title='bbox 767 987 821 1025; x_wconf 83' lang='lat'>65</span> <span class='ocrx_word' id='word_1_115' title='bbox 847 985 1047 1036; x_wconf 81' lang='lat' dir='ltr'>merse[s].</span> <span class='ocrx_word' id='word_1_116' title='bbox 1105 988 1216 1037; x_wconf 90' lang='lat' dir='ltr'>epod.</span> <span class='ocrx_word' id='word_1_117' title='bbox 1247 989 1312 1039; x_wconf 86' lang='lat'>12,</span> <span class='ocrx_word' id='word_1_118' title='bbox 1342 988 1395 1025; x_wconf 86' lang='grc'>22</span> <span class='ocrx_word' id='word_1_119' title='bbox 1415 985 1792 1038; x_wconf 74' lang='lat' dir='ltr'>properab[a]ntur.</span> 
     </span>
    </p>
   </div>
   <div class='ocr_carea' id='block_1_5' title="bbox 1047 1133 1080 1168">
    <p class='ocr_par' dir='ltr' id='par_1_5' title="bbox 1047 1133 1080 1168">
     <span class='ocr_line' id='line_1_14' title="bbox 1047 1133 1080 1168; baseline 0 0"><span class='ocrx_word' id='word_1_120' title='bbox 1047 1133 1080 1168; x_wconf 79' lang='grc' dir='ltr'>θ</span> 
     </span>
    </p>
   </div>
   <div class='ocr_carea' id='block_1_6' title="bbox 396 1211 1857 1264">
    <p class='ocr_par' dir='ltr' id='par_1_6' title="bbox 396 1211 1857 1264">
     <span class='ocr_line' id='line_1_15' title="bbox 396 1211 1857 1264; baseline 0.003 -14"><span class='ocrx_word' id='word_1_121' title='bbox 396 1211 533 1250; x_wconf 85' lang='lat' dir='ltr'>Etiam</span> <span class='ocrx_word' id='word_1_122' title='bbox 576 1214 608 1250; x_wconf 80' lang='grc' dir='ltr'><strong>θ</strong></span> <span class='ocrx_word' id='word_1_123' title='bbox 637 1229 693 1243; x_wconf 91' lang='lat'><strong><em>=</em></strong></span> <span class='ocrx_word' id='word_1_124' title='bbox 724 1212 995 1264; x_wconf 86' lang='lat' dir='ltr'>Sangallensis</span> <span class='ocrx_word' id='word_1_125' title='bbox 1038 1213 1362 1253; x_wconf 72' lang='lat' dir='ltr'>monasteriensis</span> <span class='ocrx_word' id='word_1_126' title='bbox 1401 1214 1487 1253; x_wconf 85' lang='lat'>864</span> <span class='ocrx_word' id='word_1_127' title='bbox 1528 1214 1857 1255; x_wconf 78' lang='lat' dir='ltr'>membranaceus</span> 
     </span>
    </p>
   </div>
   <div class='ocr_carea' id='block_1_7' title="bbox 276 1283 1899 1987">
    <p class='ocr_par' dir='ltr' id='par_1_7' title="bbox 276 1283 1899 1987">
     <span class='ocr_line' id='line_1_16' title="bbox 277 1283 1850 1339; baseline 0.003 -18"><span class='ocrx_word' id='word_1_128' title='bbox 277 1295 377 1322; x_wconf 87' lang='lat' dir='ltr'>saec.</span> <span class='ocrx_word' id='word_1_129' title='bbox 402 1284 470 1334; x_wconf 84' lang='lat' dir='ltr'>XI,</span> <span class='ocrx_word' id='word_1_130' title='bbox 503 1296 527 1322; x_wconf 88' lang='lat' dir='ltr'>a</span> <span class='ocrx_word' id='word_1_131' title='bbox 550 1283 706 1322; x_wconf 86' lang='lat' dir='ltr'>Rittero</span> <span class='ocrx_word' id='word_1_132' title='bbox 733 1285 915 1323; x_wconf 86' lang='lat' dir='ltr'>conlatus</span> <span class='ocrx_word' id='word_1_133' title='bbox 941 1286 981 1323; x_wconf 90' lang='lat' dir='ltr'>et</span> <span class='ocrx_word' id='word_1_134' title='bbox 1005 1284 1047 1322; x_wconf 92' lang='lat' dir='ltr'>in</span> <span class='ocrx_word' id='word_1_135' title='bbox 1073 1284 1247 1324; x_wconf 85' lang='lat' dir='ltr'>editione</span> <span class='ocrx_word' id='word_1_136' title='bbox 1277 1285 1409 1335; x_wconf 89' lang='lat' dir='ltr'>prima</span> <span class='ocrx_word' id='word_1_137' title='bbox 1433 1285 1497 1324; x_wconf 93' lang='lat' dir='ltr'>hic</span> <span class='ocrx_word' id='word_1_138' title='bbox 1522 1285 1607 1324; x_wconf 93' lang='lat' dir='ltr'>illic</span> <span class='ocrx_word' id='word_1_139' title='bbox 1632 1286 1850 1339; x_wconf 79' lang='lat' dir='ltr'>adhibitus,</span> 
     </span>
     <span class='ocr_line' id='line_1_17' title="bbox 277 1335 1851 1398; baseline 0.003 -18"><span class='ocrx_word' id='word_1_140' title='bbox 277 1342 394 1393; x_wconf 87' lang='lat' dir='ltr'>stirpi</span> <span class='ocrx_word' id='word_1_141' title='bbox 418 1339 465 1381; x_wconf 90' lang='lat' dir='ltr'>u&#39;</span> <span class='ocrx_word' id='word_1_142' title='bbox 488 1343 652 1381; x_wconf 88' lang='lat' dir='ltr'>uidetur</span> <span class='ocrx_word' id='word_1_143' title='bbox 682 1343 1003 1383; x_wconf 85' lang='lat' dir='ltr'>adnumerandus</span> <span class='ocrx_word' id='word_1_144' title='bbox 1035 1335 1131 1383; x_wconf 81' lang='lat' dir='ltr'>esse.</span> <span class='ocrx_word' id='word_1_145' title='bbox 1181 1343 1326 1383; x_wconf 88' lang='lat' dir='ltr'>Deficit</span> <span class='ocrx_word' id='word_1_146' title='bbox 1350 1344 1441 1383; x_wconf 85' lang='lat' dir='ltr'>inde</span> <span class='ocrx_word' id='word_1_147' title='bbox 1474 1357 1497 1382; x_wconf 88' lang='lat' dir='ltr'>a</span> <span class='ocrx_word' id='word_1_148' title='bbox 1523 1357 1554 1383; x_wconf 89' lang='lat' dir='ltr'>c.</span> <span class='ocrx_word' id='word_1_149' title='bbox 1580 1345 1663 1383; x_wconf 90' lang='lat' dir='ltr'>IIII</span> <span class='ocrx_word' id='word_1_150' title='bbox 1692 1347 1758 1398; x_wconf 89' lang='lat'>11,</span> <span class='ocrx_word' id='word_1_151' title='bbox 1781 1347 1851 1385; x_wconf 82' lang='lat'>36.</span> 
     </span>
     <span class='ocr_line' id='line_1_18' title="bbox 276 1400 1857 1470; baseline 0.003 -30"><span class='ocrx_word' id='word_1_152' title='bbox 276 1403 485 1441; x_wconf 82' lang='lat' dir='ltr'>Lectiones</span> <span class='ocrx_word' id='word_1_153' title='bbox 511 1403 707 1470; x_wconf 80' lang='lat' dir='ltr'>quasdam</span> <span class='ocrx_word' id='word_1_154' title='bbox 731 1416 811 1441; x_wconf 88' lang='lat' dir='ltr'>non</span> <span class='ocrx_word' id='word_1_155' title='bbox 837 1403 1016 1454; x_wconf 86' lang='lat' dir='ltr'>Horatio,</span> <span class='ocrx_word' id='word_1_156' title='bbox 1049 1404 1116 1442; x_wconf 87' lang='lat' dir='ltr'>sed</span> <span class='ocrx_word' id='word_1_157' title='bbox 1142 1404 1298 1442; x_wconf 88' lang='lat' dir='ltr'>auctori</span> <span class='ocrx_word' id='word_1_158' title='bbox 1323 1404 1502 1443; x_wconf 86' lang='lat' dir='ltr'>familiae</span> <span class='ocrx_word' id='word_1_159' title='bbox 1533 1400 1580 1443; x_wconf 81' lang='lat' dir='ltr'>u&#39;</span> <span class='ocrx_word' id='word_1_160' title='bbox 1610 1405 1857 1453; x_wconf 84' lang='lat' dir='ltr'>tribuendas</span> 
     </span>
     <span class='ocr_line' id='line_1_19' title="bbox 278 1462 1851 1514; baseline 0.003 -14"><span class='ocrx_word' id='word_1_161' title='bbox 278 1462 320 1499; x_wconf 88' lang='lat' dir='ltr'>in</span> <span class='ocrx_word' id='word_1_162' title='bbox 362 1462 445 1501; x_wconf 90' lang='lat' dir='ltr'>cod.</span> <span class='ocrx_word' id='word_1_163' title='bbox 477 1464 509 1500; x_wconf 82' lang='grc' dir='ltr'>θ</span> <span class='ocrx_word' id='word_1_164' title='bbox 548 1462 722 1500; x_wconf 87' lang='lat' dir='ltr'>inueniri</span> <span class='ocrx_word' id='word_1_165' title='bbox 769 1463 897 1501; x_wconf 90' lang='lat' dir='ltr'>obiter</span> <span class='ocrx_word' id='word_1_166' title='bbox 946 1475 1066 1512; x_wconf 88' lang='lat' dir='ltr'>supra</span> <span class='ocrx_word' id='word_1_167' title='bbox 1113 1463 1334 1501; x_wconf 80' lang='lat' dir='ltr'>docuimus.</span> <span class='ocrx_word' id='word_1_168' title='bbox 1405 1463 1678 1514; x_wconf 84' lang='lat' dir='ltr'>Reperiuntur</span> <span class='ocrx_word' id='word_1_169' title='bbox 1728 1465 1851 1504; x_wconf 87' lang='lat' dir='ltr'>etiam</span> 
     </span>
     <span class='ocr_line' id='line_1_20' title="bbox 277 1521 1846 1575; baseline 0.003 -16"><span class='ocrx_word' id='word_1_170' title='bbox 277 1521 500 1572; x_wconf 83' lang='lat' dir='ltr'>singulares</span> <span class='ocrx_word' id='word_1_171' title='bbox 533 1521 689 1571; x_wconf 86' lang='lat' dir='ltr'>aliquot</span> <span class='ocrx_word' id='word_1_172' title='bbox 719 1522 910 1561; x_wconf 89' lang='lat' dir='ltr'>lectiones</span> <span class='ocrx_word' id='word_1_173' title='bbox 940 1522 1129 1560; x_wconf 87' lang='lat' dir='ltr'>uilissimi</span> <span class='ocrx_word' id='word_1_174' title='bbox 1160 1522 1316 1574; x_wconf 88' lang='lat' dir='ltr'>generis</span> <span class='ocrx_word' id='word_1_175' title='bbox 1347 1525 1394 1561; x_wconf 90' lang='lat' dir='ltr'>ut</span> <span class='ocrx_word' id='word_1_176' title='bbox 1426 1535 1457 1562; x_wconf 91' lang='lat' dir='ltr'>c.</span> <span class='ocrx_word' id='word_1_177' title='bbox 1484 1523 1525 1562; x_wconf 90' lang='lat' dir='ltr'>II</span> <span class='ocrx_word' id='word_1_178' title='bbox 1549 1525 1588 1575; x_wconf 89' lang='grc'>4,</span> <span class='ocrx_word' id='word_1_179' title='bbox 1617 1526 1670 1563; x_wconf 88' lang='grc'>19</span> <span class='ocrx_word' id='word_1_180' title='bbox 1704 1525 1846 1564; x_wconf 79' lang='lat' dir='ltr'>aduer-</span> 
     </span>
     <span class='ocr_line' id='line_1_21' title="bbox 277 1579 1862 1636; baseline 0.003 -18"><span class='ocrx_word' id='word_1_181' title='bbox 277 1593 373 1620; x_wconf 81' lang='lat' dir='ltr'>sam.</span> <span class='ocrx_word' id='word_1_182' title='bbox 430 1594 460 1619; x_wconf 93' lang='lat' dir='ltr'>c.</span> <span class='ocrx_word' id='word_1_183' title='bbox 486 1579 549 1618; x_wconf 81' lang='grc' dir='ltr'>ΠΙ</span> <span class='ocrx_word' id='word_1_184' title='bbox 575 1583 613 1632; x_wconf 88' lang='grc'>5,</span> <span class='ocrx_word' id='word_1_185' title='bbox 642 1582 695 1619; x_wconf 90' lang='grc'>25</span> <span class='ocrx_word' id='word_1_186' title='bbox 736 1582 964 1630; x_wconf 71' lang='lat' dir='ltr'>redemptus.</span> <span class='ocrx_word' id='word_1_187' title='bbox 1030 1594 1061 1620; x_wconf 92' lang='lat' dir='ltr'>c.</span> <span class='ocrx_word' id='word_1_188' title='bbox 1087 1581 1150 1620; x_wconf 91' lang='lat' dir='ltr'>III</span> <span class='ocrx_word' id='word_1_189' title='bbox 1184 1583 1249 1633; x_wconf 89' lang='grc'>29,</span> <span class='ocrx_word' id='word_1_190' title='bbox 1283 1583 1338 1620; x_wconf 88' lang='grc'>42</span> <span class='ocrx_word' id='word_1_191' title='bbox 1377 1583 1487 1631; x_wconf 64' lang='lat' dir='ltr'>defit.</span> <span class='ocrx_word' id='word_1_192' title='bbox 1545 1596 1576 1623; x_wconf 90' lang='lat' dir='ltr'>c.</span> <span class='ocrx_word' id='word_1_193' title='bbox 1609 1583 1693 1622; x_wconf 89' lang='lat' dir='ltr'>HII</span> <span class='ocrx_word' id='word_1_194' title='bbox 1724 1585 1762 1636; x_wconf 84' lang='lat'>4,</span> <span class='ocrx_word' id='word_1_195' title='bbox 1791 1581 1862 1623; x_wconf 64' lang='lat'>21²</span> 
     </span>
     <span class='ocr_line' id='line_1_22' title="bbox 277 1640 1899 1692; baseline 0.003 -14"><span class='ocrx_word' id='word_1_196' title='bbox 277 1641 483 1679; x_wconf 73' lang='lat' dir='ltr'>subarmet.</span> <span class='ocrx_word' id='word_1_197' title='bbox 548 1653 578 1679; x_wconf 90' lang='lat' dir='ltr'>c.</span> <span class='ocrx_word' id='word_1_198' title='bbox 604 1640 689 1678; x_wconf 91' lang='lat' dir='ltr'>IIII</span> <span class='ocrx_word' id='word_1_199' title='bbox 720 1642 758 1692; x_wconf 87' lang='grc'>4,</span> <span class='ocrx_word' id='word_1_200' title='bbox 786 1641 840 1678; x_wconf 87' lang='grc'>45</span> <span class='ocrx_word' id='word_1_201' title='bbox 876 1644 968 1690; x_wconf 72' lang='lat' dir='ltr'>post</span> <span class='ocrx_word' id='word_1_202' title='bbox 1005 1642 1116 1680; x_wconf 73' lang='lat' dir='ltr'>hunc.</span> <span class='ocrx_word' id='word_1_203' title='bbox 1178 1641 1239 1680; x_wconf 85' lang='lat' dir='ltr'>Ex</span> <span class='ocrx_word' id='word_1_204' title='bbox 1281 1642 1431 1681; x_wconf 90' lang='lat' dir='ltr'>Sueuia</span> <span class='ocrx_word' id='word_1_205' title='bbox 1471 1643 1577 1681; x_wconf 90' lang='lat' dir='ltr'>hunc</span> <span class='ocrx_word' id='word_1_206' title='bbox 1617 1643 1766 1683; x_wconf 89' lang='lat' dir='ltr'>librum</span> <span class='ocrx_word' id='word_1_207' title='bbox 1805 1643 1858 1683; x_wconf 77' lang='grc'>111</span> <span class='ocrx_word' id='word_1_208' title='bbox 1896 1652 1899 1653; x_wconf 72' lang='grc'>’</span> 
     </span>
     <span class='ocr_line' id='line_1_23' title="bbox 278 1699 1848 1753; baseline 0.003 -15"><span class='ocrx_word' id='word_1_209' title='bbox 278 1700 494 1738; x_wconf 88' lang='lat' dir='ltr'>armarium</span> <span class='ocrx_word' id='word_1_210' title='bbox 527 1699 663 1738; x_wconf 83' lang='lat' dir='ltr'>Sancti</span> <span class='ocrx_word' id='word_1_211' title='bbox 696 1700 802 1739; x_wconf 80' lang='lat' dir='ltr'>Galli</span> <span class='ocrx_word' id='word_1_212' title='bbox 835 1701 1079 1739; x_wconf 88' lang='lat' dir='ltr'>translatum</span> <span class='ocrx_word' id='word_1_213' title='bbox 1110 1701 1358 1751; x_wconf 88' lang='lat' dir='ltr'>eundemque</span> <span class='ocrx_word' id='word_1_214' title='bbox 1398 1714 1499 1753; x_wconf 90' lang='lat' dir='ltr'>esse,</span> <span class='ocrx_word' id='word_1_215' title='bbox 1538 1715 1658 1752; x_wconf 89' lang='lat' dir='ltr'>quem</span> <span class='ocrx_word' id='word_1_216' title='bbox 1689 1703 1848 1742; x_wconf 87' lang='lat' dir='ltr'>ducissa</span> 
     </span>
     <span class='ocr_line' id='line_1_24' title="bbox 276 1754 1846 1814; baseline 0.003 -17"><span class='ocrx_word' id='word_1_217' title='bbox 276 1759 475 1810; x_wconf 84' lang='lat' dir='ltr'>Hadwiga</span> <span class='ocrx_word' id='word_1_218' title='bbox 500 1759 651 1798; x_wconf 90' lang='lat' dir='ltr'>Duellii</span> <span class='ocrx_word' id='word_1_219' title='bbox 678 1754 971 1814; x_wconf 84' lang='lat' dir='ltr'>(Hohentwiel)</span> <span class='ocrx_word' id='word_1_220' title='bbox 997 1761 1228 1800; x_wconf 87' lang='lat' dir='ltr'>Burchardo</span> <span class='ocrx_word' id='word_1_221' title='bbox 1248 1761 1479 1800; x_wconf 87' lang='lat' dir='ltr'>Ekkehardi</span> <span class='ocrx_word' id='word_1_222' title='bbox 1497 1761 1539 1799; x_wconf 92' lang='lat' dir='ltr'>II</span> <span class='ocrx_word' id='word_1_223' title='bbox 1564 1762 1701 1802; x_wconf 89' lang='lat' dir='ltr'>comiti</span> <span class='ocrx_word' id='word_1_224' title='bbox 1721 1775 1846 1813; x_wconf 88' lang='lat' dir='ltr'>quon-</span> 
     </span>
     <span class='ocr_line' id='line_1_25' title="bbox 278 1814 1849 1874; baseline 0.003 -18"><span class='ocrx_word' id='word_1_225' title='bbox 278 1819 368 1857; x_wconf 90' lang='lat' dir='ltr'>dam</span> <span class='ocrx_word' id='word_1_226' title='bbox 396 1819 619 1870; x_wconf 90' lang='lat' dir='ltr'>donauerit,</span> <span class='ocrx_word' id='word_1_227' title='bbox 645 1819 881 1858; x_wconf 88' lang='lat' dir='ltr'>Franciscus</span> <span class='ocrx_word' id='word_1_228' title='bbox 907 1820 1040 1859; x_wconf 86' lang='lat' dir='ltr'>Ritter</span> <span class='ocrx_word' id='word_1_229' title='bbox 1065 1820 1141 1858; x_wconf 90' lang='lat' dir='ltr'>sibi</span> <span class='ocrx_word' id='word_1_230' title='bbox 1166 1821 1367 1870; x_wconf 83' lang='lat' dir='ltr'>persuasit</span> <span class='ocrx_word' id='word_1_231' title='bbox 1391 1814 1455 1874; x_wconf 79' lang='lat' dir='ltr'>(Q.</span> <span class='ocrx_word' id='word_1_232' title='bbox 1476 1821 1571 1860; x_wconf 91' lang='lat' dir='ltr'>Hor.</span> <span class='ocrx_word' id='word_1_233' title='bbox 1597 1821 1765 1861; x_wconf 80' lang='lat' dir='ltr'>Flaccus</span> <span class='ocrx_word' id='word_1_234' title='bbox 1790 1822 1849 1861; x_wconf 85' lang='lat' dir='ltr'>ed.</span> 
     </span>
     <span class='ocr_line' id='line_1_26' title="bbox 278 1875 1851 1933; baseline 0.003 -17"><span class='ocrx_word' id='word_1_235' title='bbox 278 1877 410 1917; x_wconf 90' lang='lat' dir='ltr'>Ritter</span> <span class='ocrx_word' id='word_1_236' title='bbox 428 1878 535 1928; x_wconf 92' lang='lat' dir='ltr'>Lips.</span> <span class='ocrx_word' id='word_1_237' title='bbox 559 1879 671 1917; x_wconf 84' lang='lat'>1856</span> <span class='ocrx_word' id='word_1_238' title='bbox 692 1879 712 1916; x_wconf 95' lang='lat' dir='ltr'>I</span> <span class='ocrx_word' id='word_1_239' title='bbox 737 1893 775 1929; x_wconf 80' lang='lat' dir='ltr'>p.</span> <span class='ocrx_word' id='word_1_240' title='bbox 795 1880 963 1917; x_wconf 92' lang='lat' dir='ltr'>XXXVI</span> <span class='ocrx_word' id='word_1_241' title='bbox 977 1875 1065 1933; x_wconf 87' lang='lat' dir='ltr'>sq.).</span> <span class='ocrx_word' id='word_1_242' title='bbox 1117 1879 1194 1918; x_wconf 92' lang='lat' dir='ltr'>Sed</span> <span class='ocrx_word' id='word_1_243' title='bbox 1218 1892 1443 1932; x_wconf 84' lang='lat' dir='ltr'>repugnare</span> <span class='ocrx_word' id='word_1_244' title='bbox 1469 1881 1662 1920; x_wconf 88' lang='lat' dir='ltr'>uidentur</span> <span class='ocrx_word' id='word_1_245' title='bbox 1686 1883 1727 1920; x_wconf 85' lang='lat' dir='ltr'>et</span> <span class='ocrx_word' id='word_1_246' title='bbox 1750 1883 1851 1920; x_wconf 88' lang='lat' dir='ltr'>tem-</span> 
     </span>
     <span class='ocr_line' id='line_1_27' title="bbox 280 1938 1302 1987; baseline 0.002 -11"><span class='ocrx_word' id='word_1_247' title='bbox 280 1951 425 1987; x_wconf 88' lang='lat' dir='ltr'>porum</span> <span class='ocrx_word' id='word_1_248' title='bbox 455 1938 560 1976; x_wconf 90' lang='lat' dir='ltr'>ratio</span> <span class='ocrx_word' id='word_1_249' title='bbox 593 1940 634 1976; x_wconf 90' lang='lat' dir='ltr'>et</span> <span class='ocrx_word' id='word_1_250' title='bbox 663 1938 757 1976; x_wconf 88' lang='lat' dir='ltr'>libri</span> <span class='ocrx_word' id='word_1_251' title='bbox 789 1939 968 1978; x_wconf 88' lang='lat' dir='ltr'>condicio</span> <span class='ocrx_word' id='word_1_252' title='bbox 1000 1939 1118 1978; x_wconf 89' lang='lat' dir='ltr'>nimis</span> <span class='ocrx_word' id='word_1_253' title='bbox 1149 1952 1302 1979; x_wconf 88' lang='lat' dir='ltr'>manca.</span> 
     </span>
    </p>
   </div>
   <div class='ocr_carea' id='block_1_8' title="bbox 935 2070 1197 2121">
    <p class='ocr_par' dir='ltr' id='par_1_8' title="bbox 935 2070 1197 2121">
     <span class='ocr_line' id='line_1_28' title="bbox 935 2070 1197 2121; baseline 0.004 -12"><span class='ocrx_word' id='word_1_254' title='bbox 935 2070 1197 2121; x_wconf 85' lang='lat' dir='ltr'>Porphyrion.</span> 
     </span>
    </p>
   </div>
   <div class='ocr_carea' id='block_1_9' title="bbox 281 2151 1882 2504">
    <p class='ocr_par' dir='ltr' id='par_1_9' title="bbox 281 2151 1882 2504">
     <span class='ocr_line' id='line_1_29' title="bbox 401 2151 1850 2208; baseline 0.004 -19"><span class='ocrx_word' id='word_1_255' title='bbox 401 2151 610 2203; x_wconf 82' lang='lat' dir='ltr'>Sequitur,</span> <span class='ocrx_word' id='word_1_256' title='bbox 647 2154 696 2190; x_wconf 92' lang='lat' dir='ltr'>ut</span> <span class='ocrx_word' id='word_1_257' title='bbox 733 2153 780 2191; x_wconf 91' lang='lat' dir='ltr'>de</span> <span class='ocrx_word' id='word_1_258' title='bbox 820 2154 997 2205; x_wconf 86' lang='lat' dir='ltr'>scholiis,</span> <span class='ocrx_word' id='word_1_259' title='bbox 1036 2168 1139 2205; x_wconf 89' lang='lat' dir='ltr'>quae</span> <span class='ocrx_word' id='word_1_260' title='bbox 1177 2168 1269 2194; x_wconf 91' lang='lat' dir='ltr'>cum</span> <span class='ocrx_word' id='word_1_261' title='bbox 1305 2155 1430 2194; x_wconf 87' lang='lat' dir='ltr'>classe</span> <span class='ocrx_word' id='word_1_262' title='bbox 1468 2155 1589 2194; x_wconf 86' lang='lat' dir='ltr'>tertia</span> <span class='ocrx_word' id='word_1_263' title='bbox 1627 2156 1850 2208; x_wconf 83' lang='lat' dir='ltr'>cohaerent,</span> 
     </span>
     <span class='ocr_line' id='line_1_30' title="bbox 285 2211 1852 2263; baseline 0.004 -15"><span class='ocrx_word' id='word_1_264' title='bbox 285 2211 440 2262; x_wconf 91' lang='lat' dir='ltr'>aliquid</span> <span class='ocrx_word' id='word_1_265' title='bbox 471 2212 683 2249; x_wconf 89' lang='lat' dir='ltr'>dicendum</span> <span class='ocrx_word' id='word_1_266' title='bbox 712 2212 776 2263; x_wconf 89' lang='lat' dir='ltr'>sit,</span> <span class='ocrx_word' id='word_1_267' title='bbox 808 2213 855 2251; x_wconf 89' lang='lat' dir='ltr'>de</span> <span class='ocrx_word' id='word_1_268' title='bbox 880 2213 1154 2263; x_wconf 90' lang='lat' dir='ltr'>Porphyrione</span> <span class='ocrx_word' id='word_1_269' title='bbox 1188 2216 1227 2253; x_wconf 91' lang='lat' dir='ltr'>et</span> <span class='ocrx_word' id='word_1_270' title='bbox 1259 2215 1306 2253; x_wconf 93' lang='lat' dir='ltr'>de</span> <span class='ocrx_word' id='word_1_271' title='bbox 1338 2216 1517 2254; x_wconf 87' lang='lat' dir='ltr'>tractatu</span> <span class='ocrx_word' id='word_1_272' title='bbox 1542 2215 1852 2256; x_wconf 80' lang='lat' dir='ltr'>vindobonensi.</span> 
     </span>
     <span class='ocr_line' id='line_1_31' title="bbox 398 2271 1852 2326; baseline 0.004 -18"><span class='ocrx_word' id='word_1_273' title='bbox 398 2271 580 2309; x_wconf 85' lang='lat' dir='ltr'>Fuerunt</span> <span class='ocrx_word' id='word_1_274' title='bbox 612 2271 683 2320; x_wconf 89' lang='lat' dir='ltr'>qui</span> <span class='ocrx_word' id='word_1_275' title='bbox 714 2272 907 2324; x_wconf 84' lang='lat' dir='ltr'>dicerent,</span> <span class='ocrx_word' id='word_1_276' title='bbox 946 2273 1072 2323; x_wconf 85' lang='lat' dir='ltr'>siquis</span> <span class='ocrx_word' id='word_1_277' title='bbox 1105 2274 1319 2326; x_wconf 81' lang='lat' dir='ltr'>Horatium</span> <span class='ocrx_word' id='word_1_278' title='bbox 1351 2275 1450 2313; x_wconf 88' lang='lat' dir='ltr'>bene</span> <span class='ocrx_word' id='word_1_279' title='bbox 1481 2287 1683 2314; x_wconf 90' lang='lat' dir='ltr'>recensere</span> <span class='ocrx_word' id='word_1_280' title='bbox 1703 2275 1852 2326; x_wconf 84' lang='lat' dir='ltr'>uellet,</span> 
     </span>
     <span class='ocr_line' id='line_1_32' title="bbox 281 2330 1852 2385; baseline 0.003 -18"><span class='ocrx_word' id='word_1_281' title='bbox 281 2330 567 2380; x_wconf 85' lang='lat' dir='ltr'>Porphyrionis</span> <span class='ocrx_word' id='word_1_282' title='bbox 604 2331 859 2380; x_wconf 88' lang='lat' dir='ltr'>potissimum</span> <span class='ocrx_word' id='word_1_283' title='bbox 894 2332 1104 2370; x_wconf 86' lang='lat' dir='ltr'>nitendum</span> <span class='ocrx_word' id='word_1_284' title='bbox 1150 2345 1234 2372; x_wconf 90' lang='lat' dir='ltr'>esse</span> <span class='ocrx_word' id='word_1_285' title='bbox 1273 2334 1530 2385; x_wconf 83' lang='lat' dir='ltr'>auctoritate,</span> <span class='ocrx_word' id='word_1_286' title='bbox 1569 2335 1635 2373; x_wconf 88' lang='lat' dir='ltr'>cui</span> <span class='ocrx_word' id='word_1_287' title='bbox 1673 2335 1852 2384; x_wconf 89' lang='lat' dir='ltr'>opinioni</span> 
     </span>
     <span class='ocr_line' id='line_1_33' title="bbox 281 2389 1882 2444; baseline 0.004 -18"><span class='ocrx_word' id='word_1_288' title='bbox 281 2390 390 2427; x_wconf 87' lang='lat' dir='ltr'>haud</span> <span class='ocrx_word' id='word_1_289' title='bbox 428 2389 546 2427; x_wconf 88' lang='lat' dir='ltr'>dubie</span> <span class='ocrx_word' id='word_1_290' title='bbox 585 2390 776 2428; x_wconf 82' lang='lat' dir='ltr'>adsentiri</span> <span class='ocrx_word' id='word_1_291' title='bbox 819 2403 1042 2443; x_wconf 87' lang='lat' dir='ltr'>possemus,</span> <span class='ocrx_word' id='word_1_292' title='bbox 1068 2393 1118 2430; x_wconf 71' lang='lat' dir='ltr'>&#39;si</span> <span class='ocrx_word' id='word_1_293' title='bbox 1158 2393 1396 2431; x_wconf 90' lang='lat' dir='ltr'>scholiastae</span> <span class='ocrx_word' id='word_1_294' title='bbox 1433 2393 1577 2444; x_wconf 89' lang='lat' dir='ltr'>ipsius,</span> <span class='ocrx_word' id='word_1_295' title='bbox 1620 2407 1739 2443; x_wconf 87' lang='lat' dir='ltr'>quem</span> <span class='ocrx_word' id='word_1_296' title='bbox 1769 2394 1851 2432; x_wconf 86' lang='lat' dir='ltr'>iam</span> <span class='ocrx_word' id='word_1_297' title='bbox 1880 2435 1882 2438; x_wconf 59' lang='grc'>,</span> 
     </span>
     <span class='ocr_line' id='line_1_34' title="bbox 282 2446 1852 2504; baseline 0.003 -18"><span class='ocrx_word' id='word_1_298' title='bbox 282 2449 446 2487; x_wconf 88' lang='lat' dir='ltr'>ineunte</span> <span class='ocrx_word' id='word_1_299' title='bbox 479 2449 637 2488; x_wconf 86' lang='lat' dir='ltr'>saeculo</span> <span class='ocrx_word' id='word_1_300' title='bbox 674 2450 795 2488; x_wconf 91' lang='lat' dir='ltr'>tertio</span> <span class='ocrx_word' id='word_1_301' title='bbox 833 2450 980 2491; x_wconf 83' lang='lat' dir='ltr'>uixisse</span> <span class='ocrx_word' id='word_1_302' title='bbox 1013 2451 1159 2490; x_wconf 89' lang='lat' dir='ltr'>scimus</span> <span class='ocrx_word' id='word_1_303' title='bbox 1169 2446 1222 2504; x_wconf 84' lang='lat' dir='ltr'>l),</span> <span class='ocrx_word' id='word_1_304' title='bbox 1259 2463 1358 2490; x_wconf 91' lang='lat' dir='ltr'>uera</span> <span class='ocrx_word' id='word_1_305' title='bbox 1394 2452 1544 2502; x_wconf 90' lang='lat' dir='ltr'>ubique</span> <span class='ocrx_word' id='word_1_306' title='bbox 1582 2452 1696 2491; x_wconf 89' lang='lat' dir='ltr'>nobis</span> <span class='ocrx_word' id='word_1_307' title='bbox 1726 2453 1852 2491; x_wconf 91' lang='lat' dir='ltr'>uerba</span> 
     </span>
    </p>
   </div>
   <div class='ocr_carea' id='block_1_10' title="bbox 281 2530 566 2534">
    <p class='ocr_par' dir='ltr' id='par_1_10' title="bbox 281 2530 566 2534">
     <span class='ocr_line' id='line_1_35' title="bbox 281 2530 566 2534; baseline 0 0"><span class='ocrx_word' id='word_1_308' title='bbox 281 2530 566 2534; x_wconf 95' lang='lat' dir='ltr'> </span> 
     </span>
    </p>
   </div>
   <div class='ocr_carea' id='block_1_11' title="bbox 281 2562 1852 2989">
    <p class='ocr_par' dir='ltr' id='par_1_11' title="bbox 281 2562 1852 2987">
     <span class='ocr_line' id='line_1_36' title="bbox 402 2562 1852 2612; baseline 0.003 -16"><span class='ocrx_word' id='word_1_309' title='bbox 402 2564 437 2608; x_wconf 87' lang='lat'>1)</span> <span class='ocrx_word' id='word_1_310' title='bbox 462 2562 542 2597; x_wconf 92' lang='lat' dir='ltr'>Hoc</span> <span class='ocrx_word' id='word_1_311' title='bbox 568 2573 637 2608; x_wconf 87' lang='lat' dir='ltr'>ego</span> <span class='ocrx_word' id='word_1_312' title='bbox 664 2563 888 2607; x_wconf 81' lang='lat' dir='ltr'>statueram3</span> <span class='ocrx_word' id='word_1_313' title='bbox 915 2563 1108 2608; x_wconf 86' lang='lat' dir='ltr'>Wessner,</span> <span class='ocrx_word' id='word_1_314' title='bbox 1140 2564 1349 2610; x_wconf 85' lang='lat' dir='ltr'>Landgraf,</span> <span class='ocrx_word' id='word_1_315' title='bbox 1383 2563 1450 2599; x_wconf 87' lang='lat' dir='ltr'>alii</span> <span class='ocrx_word' id='word_1_316' title='bbox 1480 2564 1714 2610; x_wconf 73' lang='lat' dir='ltr'>grauissimis</span> <span class='ocrx_word' id='word_1_317' title='bbox 1741 2576 1852 2612; x_wconf 84' lang='lat' dir='ltr'>argu-</span> 
     </span>
     <span class='ocr_line' id='line_1_37' title="bbox 282 2592 1851 2658; baseline 0.003 -14"><span class='ocrx_word' id='word_1_318' title='bbox 282 2609 418 2645; x_wconf 89' lang='lat' dir='ltr'>mentis</span> <span class='ocrx_word' id='word_1_319' title='bbox 458 2610 714 2655; x_wconf 89' lang='lat' dir='ltr'>probauerunt</span> <span class='ocrx_word' id='word_1_320' title='bbox 754 2592 970 2655; x_wconf 74' lang='lat' dir='ltr'>Sitteliique</span> <span class='ocrx_word' id='word_1_321' title='bbox 1005 2611 1205 2655; x_wconf 87' lang='lat' dir='ltr'>Vrbaeque</span> <span class='ocrx_word' id='word_1_322' title='bbox 1246 2611 1479 2657; x_wconf 88' lang='lat' dir='ltr'>aliorumque</span> <span class='ocrx_word' id='word_1_323' title='bbox 1514 2614 1741 2658; x_wconf 85' lang='lat' dir='ltr'>commenta,</span> <span class='ocrx_word' id='word_1_324' title='bbox 1785 2613 1851 2658; x_wconf 86' lang='lat' dir='ltr'>qui</span> 
     </span>
     <span class='ocr_line' id='line_1_38' title="bbox 281 2657 1850 2707; baseline 0.003 -15"><span class='ocrx_word' id='word_1_325' title='bbox 281 2659 449 2692; x_wconf 86' lang='lat' dir='ltr'>nostram</span> <span class='ocrx_word' id='word_1_326' title='bbox 489 2657 535 2693; x_wconf 90' lang='lat' dir='ltr'>de</span> <span class='ocrx_word' id='word_1_327' title='bbox 577 2659 703 2693; x_wconf 83' lang='lat' dir='ltr'>aetate</span> <span class='ocrx_word' id='word_1_328' title='bbox 741 2659 779 2693; x_wconf 90' lang='lat' dir='ltr'>et</span> <span class='ocrx_word' id='word_1_329' title='bbox 811 2657 938 2703; x_wconf 86' lang='lat' dir='ltr'>patria</span> <span class='ocrx_word' id='word_1_330' title='bbox 970 2658 1237 2704; x_wconf 79' lang='lat' dir='ltr'>Porphyrionis</span> <span class='ocrx_word' id='word_1_331' title='bbox 1272 2659 1484 2705; x_wconf 88' lang='lat' dir='ltr'>opinionem</span> <span class='ocrx_word' id='word_1_332' title='bbox 1523 2659 1850 2707; x_wconf 83' lang='lat' dir='ltr'>impugnauerant,</span> 
     </span>
     <span class='ocr_line' id='line_1_39' title="bbox 282 2705 1851 2752; baseline 0.003 -13"><span class='ocrx_word' id='word_1_333' title='bbox 282 2705 422 2750; x_wconf 89' lang='lat' dir='ltr'>optime</span> <span class='ocrx_word' id='word_1_334' title='bbox 455 2705 725 2740; x_wconf 86' lang='lat' dir='ltr'>refutauerunt.</span> <span class='ocrx_word' id='word_1_335' title='bbox 783 2705 999 2752; x_wconf 85' lang='lat' dir='ltr'>Landgrafii</span> <span class='ocrx_word' id='word_1_336' title='bbox 1034 2706 1283 2741; x_wconf 89' lang='lat' dir='ltr'>conclusionis</span> <span class='ocrx_word' id='word_1_337' title='bbox 1321 2719 1466 2741; x_wconf 88' lang='lat' dir='ltr'>summa</span> <span class='ocrx_word' id='word_1_338' title='bbox 1505 2707 1598 2743; x_wconf 87' lang='lat' dir='ltr'>haec</span> <span class='ocrx_word' id='word_1_339' title='bbox 1633 2710 1707 2744; x_wconf 85' lang='lat' dir='ltr'>est:</span> <span class='ocrx_word' id='word_1_340' title='bbox 1754 2708 1851 2744; x_wconf 81' lang='lat' dir='ltr'>‘Wir</span> 
     </span>
     <span class='ocr_line' id='line_1_40' title="bbox 283 2753 1851 2801; baseline 0.003 -15"><span class='ocrx_word' id='word_1_341' title='bbox 283 2753 367 2786; x_wconf 89' lang='lat' dir='ltr'>sind</span> <span class='ocrx_word' id='word_1_342' title='bbox 393 2764 454 2787; x_wconf 89' lang='lat' dir='ltr'>am</span> <span class='ocrx_word' id='word_1_343' title='bbox 471 2753 577 2788; x_wconf 88' lang='lat' dir='ltr'>Ende</span> <span class='ocrx_word' id='word_1_344' title='bbox 596 2764 748 2788; x_wconf 90' lang='lat' dir='ltr'>unserer</span> <span class='ocrx_word' id='word_1_345' title='bbox 769 2753 1056 2800; x_wconf 87' lang='lat' dir='ltr'>Untersuchung</span> <span class='ocrx_word' id='word_1_346' title='bbox 1081 2754 1297 2800; x_wconf 87' lang='lat' dir='ltr'>angelangt,</span> <span class='ocrx_word' id='word_1_347' title='bbox 1325 2754 1396 2799; x_wconf 90' lang='lat' dir='ltr'>die,</span> <span class='ocrx_word' id='word_1_348' title='bbox 1424 2766 1464 2790; x_wconf 89' lang='lat' dir='ltr'>so</span> <span class='ocrx_word' id='word_1_349' title='bbox 1484 2755 1608 2790; x_wconf 83' lang='lat' dir='ltr'>hoffen</span> <span class='ocrx_word' id='word_1_350' title='bbox 1628 2755 1705 2801; x_wconf 88' lang='lat' dir='ltr'>wir,</span> <span class='ocrx_word' id='word_1_351' title='bbox 1732 2755 1851 2792; x_wconf 86' lang='grc'>611161·-</span> 
     </span>
     <span class='ocr_line' id='line_1_41' title="bbox 284 2799 1851 2849; baseline 0.003 -15"><span class='ocrx_word' id='word_1_352' title='bbox 284 2799 373 2834; x_wconf 88' lang='lat' dir='ltr'>seits</span> <span class='ocrx_word' id='word_1_353' title='bbox 401 2801 468 2835; x_wconf 86' lang='lat' dir='ltr'>das</span> <span class='ocrx_word' id='word_1_354' title='bbox 502 2800 754 2836; x_wconf 86' lang='lat' dir='ltr'>afrikanische</span> <span class='ocrx_word' id='word_1_355' title='bbox 787 2800 959 2847; x_wconf 80' lang='lat' dir='ltr'>Gepr’age</span> <span class='ocrx_word' id='word_1_356' title='bbox 990 2802 1056 2836; x_wconf 88' lang='lat' dir='ltr'>der</span> <span class='ocrx_word' id='word_1_357' title='bbox 1080 2801 1267 2836; x_wconf 71' lang='lat' dir='ltr'>Latinitat</span> <span class='ocrx_word' id='word_1_358' title='bbox 1298 2802 1362 2837; x_wconf 89' lang='lat' dir='ltr'>des</span> <span class='ocrx_word' id='word_1_359' title='bbox 1395 2802 1601 2847; x_wconf 88' lang='lat' dir='ltr'>Porphyrio</span> <span class='ocrx_word' id='word_1_360' title='bbox 1626 2803 1851 2849; x_wconf 80' lang='lat' dir='ltr'>uberhaupt,</span> 
     </span>
     <span class='ocr_line' id='line_1_42' title="bbox 285 2847 1852 2895; baseline 0.003 -14"><span class='ocrx_word' id='word_1_361' title='bbox 285 2847 511 2882; x_wconf 84' lang='lat' dir='ltr'>andrerseits</span> <span class='ocrx_word' id='word_1_362' title='bbox 549 2847 609 2882; x_wconf 89' lang='lat' dir='ltr'>die</span> <span class='ocrx_word' id='word_1_363' title='bbox 643 2848 741 2883; x_wconf 88' lang='lat' dir='ltr'>nahe</span> <span class='ocrx_word' id='word_1_364' title='bbox 768 2848 1095 2884; x_wconf 85' lang='lat' dir='ltr'>Verwandtschaft</span> <span class='ocrx_word' id='word_1_365' title='bbox 1130 2849 1252 2884; x_wconf 88' lang='lat' dir='ltr'>seiner</span> <span class='ocrx_word' id='word_1_366' title='bbox 1283 2849 1446 2895; x_wconf 87' lang='lat' dir='ltr'>Sprache</span> <span class='ocrx_word' id='word_1_367' title='bbox 1487 2850 1641 2895; x_wconf 84' lang='lat' dir='ltr'>speciell</span> <span class='ocrx_word' id='word_1_368' title='bbox 1675 2850 1745 2885; x_wconf 90' lang='lat' dir='ltr'>mit</span> <span class='ocrx_word' id='word_1_369' title='bbox 1779 2851 1852 2887; x_wconf 84' lang='lat' dir='ltr'>den</span> 
     </span>
     <span class='ocr_line' id='line_1_43' title="bbox 283 2894 1851 2944; baseline 0.003 -16"><span class='ocrx_word' id='word_1_370' title='bbox 283 2894 368 2928; x_wconf 91' lang='lat' dir='ltr'>Hau</span> <span class='ocrx_word' id='word_1_371' title='bbox 370 2896 619 2939; x_wconf 88' lang='lat' dir='ltr'>ptvertretern</span> <span class='ocrx_word' id='word_1_372' title='bbox 654 2896 730 2930; x_wconf 87' lang='lat' dir='ltr'>des</span> <span class='ocrx_word' id='word_1_373' title='bbox 763 2896 942 2930; x_wconf 79' lang='lat' dir='ltr'>alteren</span> <span class='ocrx_word' id='word_1_374' title='bbox 977 2896 1266 2942; x_wconf 83' lang='lat' dir='ltr'>Africanismus,</span> <span class='ocrx_word' id='word_1_375' title='bbox 1301 2897 1371 2932; x_wconf 89' lang='lat' dir='ltr'>mit</span> <span class='ocrx_word' id='word_1_376' title='bbox 1396 2897 1594 2943; x_wconf 87' lang='lat' dir='ltr'>Apuleius,</span> <span class='ocrx_word' id='word_1_377' title='bbox 1629 2898 1851 2944; x_wconf 84' lang='lat' dir='ltr'>Tertullian,</span> 
     </span>
     <span class='ocr_line' id='line_1_44' title="bbox 284 2907 1851 2989; baseline 0.003 -12"><span class='ocrx_word' id='word_1_378' title='bbox 284 2907 464 2987; x_wconf 76' lang='lat' dir='ltr'>Cyprpian,</span> <span class='ocrx_word' id='word_1_379' title='bbox 500 2942 686 2977; x_wconf 88' lang='lat' dir='ltr'>Arnobius</span> <span class='ocrx_word' id='word_1_380' title='bbox 722 2943 799 2978; x_wconf 89' lang='lat' dir='ltr'>und</span> <span class='ocrx_word' id='word_1_381' title='bbox 832 2943 1063 2989; x_wconf 84' lang='lat' dir='ltr'>Lactantius,</span> <span class='ocrx_word' id='word_1_382' title='bbox 1100 2944 1212 2979; x_wconf 86' lang='lat' dir='ltr'>sowie</span> <span class='ocrx_word' id='word_1_383' title='bbox 1245 2944 1316 2979; x_wconf 88' lang='lat' dir='ltr'>mit</span> <span class='ocrx_word' id='word_1_384' title='bbox 1350 2945 1422 2980; x_wconf 88' lang='lat' dir='ltr'>den</span> <span class='ocrx_word' id='word_1_385' title='bbox 1457 2945 1602 2980; x_wconf 79' lang='lat' dir='ltr'>alteren</span> <span class='ocrx_word' id='word_1_386' title='bbox 1631 2927 1851 2981; x_wconf 71' lang='lat' dir='ltr'>Bibeltiber-</span> 
     </span>
    </p>
   </div>
  </div>
 </body>
</html>
