2002 3224
269 131 290 173 1
303 132 359 174 ''IO
822 129 1010 165 HORATI
1035 128 1298 165 CARMINVM

616 254 697 282 non
727 243 790 281 his
821 243 1009 281 iuuentus
1042 245 1128 280 orta
1158 240 1391 293 parentibus

613 314 751 354 infecit
782 325 931 365 aequor
963 313 1153 364 sanguine
1185 311 1333 352 Punico

673 385 945 437 Pyrrhumque
977 388 1017 423 et
1047 385 1250 435 ingentem
1282 383 1426 423 cecidit
1790 392 1835 424 35

732 456 969 496 Antiochum
999 454 1337 507 Hannibalemque
1369 455 1518 509 dirum3

615 528 685 568 sed
717 529 959 568 rusticorum
989 526 1163 567 mascula
1193 526 1365 566 militum

614 600 764 654 proles,
797 599 963 640 Sabellis
995 599 1109 639 docta
1140 598 1337 650 ligonibus

672 683 836 711 uersare
868 670 1025 724 glaebas
1057 675 1096 710 et
1128 682 1292 710 seuerae
1400 661 1402 663 ’

734 744 873 783 matris
905 743 952 782 ad
984 741 1376 782 arbitrium'recisos
1791 750 1838 782 40

613 820 773 868 portare
804 815 939 868 fustis,
971 813 1030 853 sol
1060 813 1131 853 ubi
1162 814 1357 852 montium

616 890 789 927 mutaret
818 885 981 926 umbras
1013 892 1052 924 et
1082 886 1174 936 iuga
1205 883 1384 924 demeret

389 1084 441 1121 34
468 1085 512 1122 S:
541 1085 625 1122 Sen.
647 1084 806 1120 Phaedr.
828 1086 895 1120 551
912 1095 985 1128 sq.:
1007 1082 1095 1118 hinc
1114 1084 1234 1118 terras
1255 1093 1386 1118 cruor
1405 1082 1573 1118 infecit
1591 1093 1720 1119 omnes
1740 1083 1846 1119 fusus

272 1135 311 1170 et
335 1133 465 1169 rubuit
489 1143 615 1168 mare
645 1134 658 1179 11
689 1131 796 1167 Herc.
819 1131 901 1168 Oet.
922 1134 1008 1166 300:
1046 1130 1234 1166 Achelous
1260 1130 1403 1165 undas
1430 1130 1655 1176 sanguine
1680 1130 1847 1168 infecit

272 1193 349 1217 suo
465 1181 516 1217 36
553 1182 656 1216 ‘Hor.
678 1182 743 1226 (sc.
765 1178 875 1225 dixit)
900 1190 1022 1214 acrem
1049 1178 1186 1214 tibiam
1210 1177 1538 1223 Hannibalemque
1565 1177 1701 1213 dirum’
1730 1177 1843 1222 Quin-

270 1229 392 1264 tilian.
413 1228 502 1265 inst.
517 1228 603 1264 Vm
621 1232 655 1271 2,
671 1231 692 1262 9
789 1226 838 1263 37
855 1238 910 1272 sq.
938 1226 981 1263 S:
1012 1226 1154 1262 Colum.
1169 1226 1187 1260 Ι
1203 1225 1321 1271 praef.
1342 1229 1361 1269 ξ
1378 1229 1439 1262 17:
1466 1227 1508 1260 at
1524 1225 1737 1262 mehercule
1756 1237 1847 1263 uera

272 1277 342 1312 illa
373 1276 524 1311 Romuli
555 1275 711 1322 proles
744 1273 906 1310 assiduis
938 1273 1140 1309 uenatibus
1171 1284 1240 1308 nec
1271 1273 1394 1308 minus
1426 1272 1640 1318 agrestibus
1669 1273 1846 1319 operibus

275 1323 499 1368 exercitata,
526 1321 750 1358 firmissimis
774 1321 992 1367 praeualuit
1017 1320 1252 1367 corporibus,
1279 1331 1323 1356 ac
1346 1319 1523 1355 militiam
1542 1320 1651 1367 belli,
1678 1332 1764 1357 cum
1786 1332 1846 1358 res

272 1371 486 1419 postulauit
511 1371 574 1417 (al.
595 1381 722 1405 omnes
748 1380 807 1405 res
833 1380 928 1414 quas
953 1370 1085 1414 post),
1110 1368 1223 1403 facile
1250 1367 1431 1403 sustinuit
1456 1368 1592 1404 durata
1615 1368 1721 1414 pacis
1741 1368 1846 1405 labo—

272 1420 394 1464 ribus,
422 1429 643 1464 semperque
668 1417 891 1452 rusticam
916 1416 1067 1462 plebem
1091 1415 1312 1461 praeposuit
1337 1415 1504 1451 urbanae
1535 1417 1548 1462 11
1574 1415 1676 1452 idem
1700 1416 1733 1452 X
1759 1419 1846 1453 137:

274 1466 359 1503 duri
382 1497 389 1504 .
406 1496 413 1504 .
430 1496 437 1503 .
460 1465 603 1502 Sabelli
621 1467 633 1512 11
654 1465 864 1511 Symmach.
886 1464 994 1510 epist.
1015 1463 1049 1499 V
1075 1467 1136 1499 67:
1165 1463 1217 1498 sic
1238 1463 1327 1498 olim
1347 1463 1493 1498 Marsus
1513 1462 1663 1510 inpiger
1681 1465 1720 1500 et
1738 1463 1846 1500 fortis

277 1514 451 1551 Sabellus
477 1514 591 1550 robur
609 1513 822 1548 habuerunt
840 1514 852 1558 ΙΙ
872 1511 1014 1547 Ennod.
1036 1511 1092 1547 ed.
1107 1510 1229 1556 Vogel
1253 1523 1289 1557 p.
1311 1515 1391 1557 104,
1413 1514 1569 1548 18—20:
1596 1510 1847 1558 agricolarum

273 1562 488 1598 laboriosae
529 1561 664 1607 stirpes
703 1561 742 1596 et
779 1559 882 1595 duris
915 1559 1145 1595 exercitatae
1182 1558 1417 1604 ligonibus
1453 1559 1620 1605 suboles,
1655 1570 1749 1604 quos
1779 1569 1848 1605 per

274 1612 415 1646 terram
436 1621 543 1645 suam
562 1607 687 1654 pascit
704 1607 932 1643 infabricata
950 1606 1173 1652 simplicitas
1193 1607 1205 1652 ΙΙ
1224 1606 1270 1642 cf.
1285 1605 1399 1641 etiam
1414 1605 1507 1642 Cato
1522 1618 1581 1652 ap.
1594 1606 1695 1643 Fest.
1709 1618 1745 1653 p.
1758 1610 1846 1644 281:

276 1669 346 1703 ego
384 1658 462 1693 iam
500 1669 522 1692 a
561 1655 746 1702 principio
783 1655 823 1690 in
859 1653 1091 1701 parsimonia
1125 1655 1240 1699 atque
1270 1653 1311 1689 in
1342 1653 1484 1689 duritia
1515 1656 1630 1699 atque
1659 1653 1847 1690 industria

274 1716 423 1741 omnem
461 1703 759 1740 adolescentiam
797 1714 919 1738 meam
958 1701 1124 1738 obstinui
1162 1713 1252 1747 agro
1292 1701 1465 1747 colendo,
1505 1702 1604 1737 saxis
1643 1701 1844 1748 Sabinis,

276 1752 445 1788 silicibus
477 1750 757 1798 repastinandis
791 1752 905 1795 atque
936 1749 1174 1786 conserendis
1318 1748 1368 1784 38
1382 1760 1437 1793 sq.
1478 1749 1521 1785 S:
1559 1748 1690 1785 Auien.
1710 1749 1845 1794 phaen.

275 1804 320 1836 68
335 1813 389 1846 sq.
405 1801 469 1836 H.:
496 1811 581 1835 cum
607 1798 711 1834 duris
737 1809 887 1833 uersare
911 1797 1102 1843 ligonibus
1129 1807 1221 1831 arua
1244 1795 1306 1842 (cf.
1326 1795 1434 1841 epist.
1454 1797 1472 1831 I
1492 1800 1547 1841 14,
1565 1799 1627 1840 27)
1646 1795 1847 1832 conueniat

347 1848 397 1884 38
423 1846 796 1893 Pseudophiloxenus
824 1849 904 1891 161,
924 1849 987 1881 24:
1012 1844 1154 1890 proles:
1181 1843 1330 1879 suboles
1451 1842 1502 1879 40
1536 1844 1579 1880 S:
1605 1842 1748 1880 Colum.
1767 1855 1796 1880 r.
1815 1855 1844 1880 r.

274 1896 343 1931 XII
362 1900 401 1932 1:
428 1906 542 1940 quam
568 1895 615 1929 ob
641 1904 795 1929 causam
821 1904 905 1928 cum
930 1892 970 1927 in
994 1893 1117 1927 totum
1140 1902 1217 1926 non
1242 1891 1363 1926 solum
1389 1890 1610 1937 exoleuerit,
1637 1891 1703 1927 sed
1728 1890 1845 1926 etiam

275 1942 456 1979 occiderit
474 1943 583 1978 uetus
605 1941 671 1976 ille
690 1942 855 1975 matrum
873 1938 1103 1975 familiarum
1117 1949 1197 1974 mos
1213 1938 1437 1973 Sabinarum
1450 1940 1566 1983 atque
1579 1939 1845 1986 Romanarum,

274 1989 490 2026 necessaria
526 1988 686 2034 inrepsit
729 1987 866 2022 uilicae
910 1998 1016 2032 cura,
1061 1997 1158 2031 quae
1200 1987 1369 2021 tueretur
1412 1985 1537 2021 officia
1578 1987 1775 2022 matronae

275 2038 373 2074 41—-
383 2037 435 2073 44
462 2037 535 2072 ‘sol
561 2058 605 2062 -
633 2036 795 2071 abeunte
819 2035 945 2070 nocte’
968 2036 1010 2070 T:
1040 2033 1153 2070 Prisc.
1168 2033 1236 2068 VII
1257 2037 1301 2069 82
1400 2034 1443 2070 S:
1463 2034 1575 2080 Verg.
1589 2034 1656 2069 ecl.
1671 2037 1704 2080 2,
1719 2037 1846 2079 66sq.:

276 2085 415 2131 aspice,
442 2086 569 2119 aratra
593 2083 682 2129 iugo
707 2082 875 2118 referunt
899 2092 1082 2127 suspensa
1105 2080 1255 2116 iuuenci
1281 2083 1320 2116 et
1345 2081 1401 2117 sol
1433 2081 1635 2117 crescentis
1661 2081 1846 2117 decedens

276 2132 448 2178 duplicat
483 2131 635 2166 umbras
672 2132 685 2177 ΙΙ
723 2129 789 2167 ecl.
812 2135 844 2176 1,
864 2134 926 2166 83:
964 2129 1200 2173 maioresque
1238 2129 1379 2164 cadunt
1415 2129 1504 2164 altis
1536 2129 1583 2163 de
1614 2128 1846 2165 montibus

275 2180 460 2215 umbrae
575 2178 625 2214 42
637 2190 691 2223 sq.
719 2178 762 2215 S:
793 2177 901 2213 Hom.
923 2175 1102 2225 βουλυτός
1127 2176 1183 2219 (ΙΙ.
1204 2176 1290 2212 XVI
1315 2179 1395 2212 979.
1423 2176 1491 2212 Od.
1505 2176 1610 2212 VIIII
1634 2178 1711 2223 58),
1736 2175 1847 2212 Arati

277 2227 473 2276 βουλύσιος
492 2226 568 2271 ὥρη
588 2228 599 2272 ss
618 2226 704 2261 Hes.
727 2224 800 2271 ἕργ.
822 2228 891 2260 580
906 2237 977 2270 sq.:
999 2222 1095 2266 Ἠὼς
1115 2254 1122 2260 .
1140 2253 1148 2261 .
1163 2253 1171 2261 .
1194 2220 1256 2259 ἐπὶ
1276 2223 1367 2269 ζυγὰ
1387 2223 1495 2272 βουσὶ
1513 2221 1642 2270 τίθησι
1726 2222 1777 2259 43
1790 2235 1846 2269 sq.

277 2276 320 2312 S:
346 2275 454 2311 Hom.
476 2273 545 2310 Od.
566 2273 651 2309 XIII
676 2277 739 2310 33:
771 2273 963 2314 ἀσπασίως
988 2272 1025 2307 δ’
1049 2271 1123 2319 ἄρα
1147 2275 1197 2320 τῷ
1223 2270 1361 2308 κατέδυ
1388 2271 1486 2318 φάος
1510 2271 1650 2317 ἠελίοιο
1669 2273 1682 2318 ss
1701 2271 1796 2308 Stat.
1817 2283 1845 2308 s.

276 2323 311 2359 V
330 2326 363 2369 2,
384 2325 446 2359 38:
472 2323 622 2367 tempus
649 2320 810 2357 amicum

398 2515 433 2548 ,Ω
453 2531 497 2543 =
517 2510 1169 2558 Α’(Αα)οΓ(φψ)1ἰγδλ’(λῐ)πτα]
1243 2509 1294 2545 33
1320 2508 1394 2544 hiis
1420 2510 1444 2543 ὃ
1522 2507 1572 2544 34
1599 2519 1714 2553 equor
1738 2521 1799 2545 πα

277 2573 328 2610 35
353 2572 537 2618 Pyrrhum
562 2571 636 2608 A'a
672 2560 831 2616 Pyrfum
854 2584 875 2606 τ
910 2570 1057 2605 Pirrum
1085 2570 1183 2615 Fyu
1219 2568 1384 2613 Phyrum
1409 2567 1438 2603 λ’
1476 2567 1667 2616 Plsssrhum
1692 2580 1721 2603 π
1756 2566 1846 2614 Pyr-

278 2639 362 2662 rum
384 2627 456 2663 GR
529 2627 568 2661 et
586 2626 686 2662 omis.
704 2625 824 2660 Fam
897 2622 1027 2659 cicidit
1045 2623 1100 2660 As
1131 2621 1293 2658 caecidit
1312 2623 1325 2657 Z
1421 2621 1472 2657 36
1497 2620 1751 2657 Anthiochum
1770 2621 1844 2657 Aa:

279 2680 529 2716 Anthioccum
547 2691 574 2715 u
640 2677 885 2713 hannabilem
904 2679 968 2723 Ay
1007 2676 1222 2712 annibalem
1241 2676 1283 2711 F
1289 2677 1347 2711 δπ
1407 2686 1496 2720 -que
1516 2677 1617 2712 omis.
1638 2675 1651 2711 l
1711 2674 1845 2710 durum

280 2734 445 2770 Flsuar.
485 2732 608 2768 dirum
633 2736 711 2768 cett.
737 2731 803 2768 Ac.
835 2731 989 2778 Quintil.
1134 2730 1182 2766 37
1222 2729 1288 2765 Set
1314 2743 1336 2774 ‘y
1481 2729 1531 2764 38
1567 2727 1766 2776 legonibus
1790 2728 1846 2773 R:

351 2787 401 2822 39
429 2787 562 2835 glebas
582 2787 619 2822 R
633 2790 717 2822 ante
735 2797 809 2822 ras.
823 2799 844 2831 »y
889 2785 1021 2831 glebas
1046 2788 1124 2820 cett.
1138 2784 1175 2819 R
1184 2795 1225 2828 p.
1239 2794 1311 2819 raa.
1331 2787 1373 2819 ut
1398 2783 1477 2819 uid.
1498 2783 1564 2819 Ac.
1626 2791 1804 2817 saeuerae
1822 2781 1847 2816 δ

281 2850 419 2927 Seuer?
436 2840 467 2875 O
558 2839 609 2876 40
646 2839 729 2886 ads]
735 2838 933 2874 arbitrium
957 2839 994 2875 R
1090 2835 1139 2873 41
1165 2836 1277 2872 fustis
1296 2836 1351 2873 R:
1389 2836 1508 2872 fustes
1532 2835 1845 2881 cett.R20m.vpr.

351 2904 376 2927 u
405 2905 419 2928 z
442 2906 470 2928 π
