2008 3230
285 139 435 175 LXXVI
920 138 1209 186 PRAEFATIO.

283 266 363 292 non
394 252 621 305 intelleget,
654 253 813 292 etiamsi
843 252 1027 292 nonnulli
1056 252 1135 291 loci
1167 252 1321 302 extent,
1352 251 1424 289 ubi
1455 251 1700 302 singularem
1731 264 1858 302 quan·
1926 247 1929 249 ’

281 312 374 351 dam
420 313 632 352 lectionem
679 312 722 351 in
769 325 797 350 u
836 312 904 351 uel
949 306 996 350 u¹
1033 311 1282 362 propositam
1330 323 1424 350 uere
1469 310 1737 350 Horatiana-m
1788 310 1856 350 ad·

281 385 468 423 gnoscere
500 385 580 411 non
616 371 865 422 dubitamus,
904 372 1040 410 tamen
1078 371 1112 409 si
1149 370 1191 409 in
1221 369 1458 409 uniuersum
1494 369 1753 410 iudicandum
1785 371 1858 422 est,

286 431 508 470 recensioni
554 427 601 469 u'
640 431 770 470 multo
819 430 948 482 magis
993 429 1254 469 diffidendum
1308 441 1393 469 esse
1439 442 1561 480 quam
1606 429 1857 469 credendum.

283 491 410 530 Veras
442 492 580 530 autem
605 490 796 530 lectiones
821 490 944 530 habes
976 490 1072 529 ssII
1100 491 1136 542 1,
1164 491 1215 529 31
1252 492 1418 529 cesserat
1447 502 1519 540 pro
1547 491 1722 539 yesserat
1744 483 1857 544 (ι1β).

284 564 314 589 c.
341 551 362 588 Ι
390 551 457 601 23,
486 552 507 589 1
542 551 648 589 uitas
679 563 751 600 pro
783 551 885 589 uitat
916 545 1104 603 (u'ns92
1129 562 1216 588 uar.
1249 550 1291 588 et
1322 561 1452 600 expos.
1485 551 1598 588 metr.
1624 548 1772 589 codicis
1801 545 1857 601 γ).

283 623 312 649 s.
339 610 359 648 Ι
389 611 425 660 7,
455 611 508 649 17
528 611 684 659 piyrior
702 602 774 660 pro
793 606 999 659 pulchrior
1024 603 1187 662 (u'aga
1205 609 1350 659 Porph.
1372 609 1491 648 schol.
1516 603 1581 661 Γ).
1631 621 1661 647 8.
1680 608 1722 647 II
1743 609 1780 659 2,
1802 609 1856 648 53

284 671 444 708 distabit
473 682 544 719 pro
577 670 748 708 distabat
778 664 895 722 (u'y,
928 669 1009 707 uid.
1035 664 1172 720 Epil.).
1228 681 1258 707 c.
1284 668 1305 706 I
1333 669 1399 720 18,
1428 670 1452 707 2
1485 667 1656 718 conatui
1687 662 1857 721 (vqass).

284 742 312 768 s.
339 729 380 767 II
408 730 445 779 5,
472 730 524 767 78
551 731 730 777 nequiere
756 722 985 781 (vc'rMa).
1036 741 1067 768 0.
1093 728 1156 766 ΠΙ
1183 729 1219 779 5,
1249 729 1302 767 22
1331 729 1510 767 bracchia
1541 722 1601 781 (u,
1627 727 1675 766 cf.
1700 726 1858 778 Epileg.

285 789 337 827 ad
368 801 399 828 0.
425 789 445 826 Ι
473 789 510 839 8,
540 783 626 842 11).
676 788 788 838 epod.
824 790 889 840 10,
920 789 974 827 22
1006 789 1156 827 iuueris
1186 801 1257 838 pro
1289 789 1433 826 iuuerit
1464 783 1577 838 (vqu
1602 780 1720 840 uar.).

401 847 557 888 Codicis
588 862 614 887 v
646 848 770 887 solius
812 848 1019 898 lectiones,
1058 860 1321 898 quamquam,
1368 846 1562 897 quicquid
1600 846 1643 884 in
1673 844 1859 896 epistulis

285 910 325 947 et
356 907 399 946 in
441 909 618 947 extrema
659 920 887 947 sermonum
926 909 1041 957 parte
1079 906 1189 958 (inde
1227 919 1251 945 a
1281 906 1323 944 H
1357 908 1394 957 2,
1423 902 1527 959 132)
1568 904 1616 944 de
1657 904 1791 955 stirpe
1811 899 1859 944 u'

283 968 451 1018 scimus,
492 967 535 1005 in
577 981 604 1007 v
643 967 900 1017 potissimum
946 966 1109 1017 nititur,
1158 965 1320 1004 omnino
1369 965 1619 1004 damnandae
1660 965 1772 1016 sunt,
1810 965 1862 1005 ut

287 1027 401 1077 epist.
428 1027 448 1064 Ι
476 1027 542 1078 15,
565 1027 618 1065 12
639 1027 948 1065 stomachandus.
993 1025 1106 1076 epist.
1127 1025 1147 1063 I
1170 1027 1236 1075 17,
1257 1026 1313 1064 44
1331 1026 1549 1074 prudenter
1565 1037 1637 1075 pro
1655 1020 1860 1073 pudenter.

285 1086 399 1136 epist.
426 1086 446 1124 Ι
474 1087 540 1137 18,
570 1088 649 1124 111
684 1087 778 1124 haec
807 1098 879 1136 pro
919 1086 996 1124 sed.
1048 1085 1161 1135 epist.
1193 1085 1234 1123 II
1262 1086 1299 1136 2,
1329 1086 1409 1123 171
1450 1085 1579 1134 resiqit
1615 1079 1859 1136 (emendatio

284 1140 495 1199 cogitata).
556 1146 671 1196 epist.
704 1145 746 1183 II
778 1147 816 1195 2,
852 1146 934 1184 216
975 1146 1150 1184 licentius
1186 1157 1259 1195 pro
1297 1145 1500 1183 decentius.
1559 1156 1590 1182 c.
1621 1142 1705 1181 IIII
1738 1143 1776 1194 6,
1804 1143 1858 1181 25

287 1206 450 1244 achiuae
479 1218 552 1255 pro
585 1207 757 1253 arqutae.
815 1204 926 1254 epod.
956 1206 993 1254 2,
1021 1206 1074 1244 69
1107 1205 1240 1252 releyit
1270 1198 1378 1256 (cum
1406 1197 1459 1257 ρ).
1516 1215 1545 1241 8.
1570 1202 1612 1240 ΙΙ
1639 1203 1677 1253 3,
1703 1202 1788 1242 317
1820 1214 1862 1240 se

286 1266 436 1312 inflans
460 1266 516 1303 sic
539 1277 611 1314 pro
638 1265 810 1313 sufflans
834 1276 885 1303 sc.
935 1263 1051 1314 epist.
1075 1264 1095 1302 I
1123 1264 1161 1315 3,
1188 1264 1242 1302 32
1276 1266 1318 1302 at
1340 1275 1412 1313 pro
1439 1274 1495 1301 ac.
1551 1261 1667 1312 epist.
1692 1260 1713 1299 Ι
1739 1261 1778 1312 3,
1804 1261 1857 1300 31

282 1325 486 1363 numatius
511 1337 582 1374 pro
607 1325 820 1373 munatius,
853 1323 1038 1362 similiter
1068 1336 1099 1362 c.
1126 1322 1145 1360 I
1173 1325 1240 1374 26,
1268 1322 1292 1361 5
1318 1322 1543 1360 mitridaten
1566 1333 1638 1371 pro
1665 1321 1860 1360 tiridaten.

284 1397 318 1422 a.
345 1397 383 1434 p.
413 1384 497 1422 355
530 1386 574 1422 ut
603 1396 675 1434 pro
709 1386 751 1422 et.
809 1396 843 1421 a.
869 1396 906 1432 p.
936 1383 1020 1421 382
1052 1394 1211 1422 uersum
1234 1394 1306 1432 pro
1337 1392 1478 1420 uersus
1510 1375 1692 1431 (prorsus
1724 1392 1860 1430 super-

286 1455 420 1482 uacua
456 1438 719 1495 immutatio).
783 1442 896 1481 Sicut
926 1443 969 1480 in
999 1438 1045 1480 u'
1076 1442 1143 1481 uel
1173 1454 1203 1479 u
1233 1441 1449 1479 uerborum
1486 1439 1664 1479 ordinem
1700 1439 1860 1490 saepius

289 1505 437 1542 temere
469 1504 674 1541 mutatum
705 1502 890 1541 uidemus
922 1496 990 1555 (ut
1020 1514 1054 1540 a.
1080 1514 1117 1551 p.
1147 1502 1214 1539 31.
1243 1502 1338 1539 129.
1368 1501 1463 1539 240.
1492 1493 1610 1553 376),
1639 1499 1700 1538 ita
1736 1499 1860 1539 etiam

287 1562 329 1601 in
360 1575 387 1601 v
418 1562 519 1602 solo:
555 1575 589 1601 a.
615 1575 653 1612 p.
682 1563 767 1601 260
797 1573 940 1610 magno
971 1572 1058 1599 cum
1080 1561 1256 1609 pondere
1285 1572 1357 1610 pro
1395 1571 1482 1598 euin
1510 1570 1652 1608 mayno
1675 1559 1860 1608 pondere.

286 1620 430 1661 Omnia
467 1621 565 1660 haec
603 1622 698 1660 sunt
734 1620 1015 1671 improbanda3
1051 1619 1172 1659 unica
1212 1618 1390 1669 exceptio
1429 1619 1505 1658 est'
1527 1618 1569 1657 in
1606 1618 1678 1657 illa
1714 1617 1860 1657 Horati
1890 1658 1891 1661 Ἴ

287 1682 415 1732 parte,
440 1681 511 1719 ubi
532 1680 750 1720 deficientis
775 1693 804 1718 u
830 1680 1154 1730 supplementum
1177 1679 1298 1719 codex
1323 1692 1350 1718 v
1373 1678 1539 1728 praebet
1563 1677 1672 1716 haud
1695 1689 1860 1727 prorsus

286 1740 567 1791 spernendum,
598 1740 767 1779 formam
797 1739 885 1778 dico
909 1741 1035 1788 piscis
1066 1752 1095 1777 8.
1124 1739 1162 1777 ΙΙ
1189 1740 1227 1789 8,
1255 1739 1328 1776 271
1359 1737 1416 1776 ibi
1447 1750 1527 1776 non
1558 1737 1689 1776 solum
1719 1750 1760 1788 u,
1791 1736 1860 1776 sed

286 1800 408 1839 etiam
445 1795 620 1838 A'BRn
651 1799 722 1838 alii
754 1799 908 1838 desunt.
972 1798 1166 1837 Similiter
1201 1798 1355 1837 factum
1387 1798 1447 1836 est
1484 1809 1513 1835 s.
1540 1796 1581 1835 H
1609 1797 1649 1848 5,
1678 1797 1750 1847 78,
1786 1795 1859 1841 ubi
1911 1803 1913 1805 '

285 1873 421 1898 ueram
454 1859 668 1898 lectionem
698 1861 878 1907 nequiere
908 1858 950 1897 in
981 1872 1006 1898 v
1038 1860 1078 1897 et
1109 1853 1258 1896 6'rMoc
1288 1858 1492 1896 seruatam
1522 1855 1721 1895 uide‘mus.

400 1918 568 1969 Propria
608 1918 755 1958 codicis
792 1932 818 1957 v
856 1917 1144 1970 orthographia
1191 1917 1365 1956 aetatem
1406 1915 1514 1966 sapit
1553 1914 1768 1954 admodum
1798 1928 1858 1954 re-

282 1980 448 2017 centem.
509 1977 743 2017 Inuenimus
769 1977 874 2017 enim
899 1990 1069 2027 ynauus,
1098 1989 1287 2026 qnauitrn,
1316 1977 1510 2025 ynauitem
1536 1975 1657 2014 karus
1689 1968 1859 2087 (saepe),

222 2053 230 2055 “
283 2038 451 2076 allobrcs
481 2050 553 2087 pro
581 2038 765 2082 allobroca
799 2039 945 2076 lamina
969 2050 1040 2087 pro
1067 2038 1184 2082 lama,
1218 2038 1399 2084 competa,
1426 2046 1616 2083 quoquere
1646 2028 1827 2087 (saepius
1849 2065 1860 2086 ,

279 2098 562 2145 percuncteris,
601 2098 722 2142 succi,
760 2109 974 2146 myrreum,
1011 2108 1128 2146 yrcus
1167 2092 1299 2148 (epod.
1337 2097 1401 2146 16,
1431 2092 1485 2132 34
1518 2107 1544 2133 v
1574 2091 1685 2146 801),
1723 2094 1860 2142 atquin

283 2151 332 2209 (s.
359 2155 379 2194 I
402 2157 438 2206 9,
462 2156 515 2194 52
543 2170 568 2195 v
594 2150 697 2209 801),
729 2157 839 2194 thure
865 2150 916 2209 (c.
937 2156 957 2194 I
984 2157 1051 2207 36,
1074 2159 1093 2194 1
1125 2169 1184 2206 gv
1209 2149 1313 2208 801),
1340 2155 1531 2193 allabores
1555 2166 1627 2203 pro
1654 2153 1858 2192 adlabores

287 2213 338 2268 (c.
364 2215 384 2253 Ι
411 2216 479 2266 38,
507 2216 530 2255 5
558 2215 652 2254 vL2
680 2210 783 2268 801),
816 2219 931 2254 arcto.

1013 2303 1118 2348 B'u'
1192 2323 1196 2327 ·

403 2382 533 2432 Stirps
553 2377 599 2420 u'
620 2383 710 2421 arta
731 2381 1022 2430 necessitudine
1048 2381 1260 2420 coniuncta
1287 2382 1347 2418 est
1373 2393 1464 2419 cum
1489 2379 1614 2418 classe
1633 2377 1686 2429 II,
1706 2378 1860 2418 scilicet

284 2455 376 2481 cum
423 2441 625 2481 codicibus
673 2437 865 2492 B'EgV,
906 2439 1088 2493 inprimis
1135 2453 1225 2479 cum
1266 2440 1310 2477 B.
1380 2439 1544 2477 Praeter
1590 2450 1656 2476 eas
1703 2438 1854 2477 multas

282 2513 484 2564 lectiones,
518 2525 619 2562 quas
650 2508 698 2550 u'
723 2511 765 2549 in
797 2511 1039 2550 carminibus
1065 2513 1106 2550 et
1131 2510 1268 2561 epodis
1295 2523 1385 2549 cum
1416 2509 1436 2547 Ι
1451 2506 1504 2559 -1-
1522 2509 1564 2547 II
1594 2508 1720 2547 classe
1751 2521 1856 2548 com-

284 2584 426 2612 munes
457 2572 589 2623 habet,
620 2573 669 2610 ut
701 2572 820 2610 teucri
850 2584 922 2621 pro
955 2573 1094 2616 teucro,
1126 2571 1299 2609 acinacis
1329 2582 1401 2619 pro
1434 2569 1623 2613 acinaces,
1656 2568 1755 2607 clari
1784 2581 1856 2619 pro

285 2634 380 2677 cari,
412 2631 610 2682 plurimae
643 2630 839 2670 eiusmodi
870 2630 912 2668 in
943 2644 1005 2669 uv
1034 2629 1317 2680 inueniuntur,
1356 2641 1459 2678 quae
1490 2626 1686 2666 secundae
1718 2628 1857 2667 classis

287 2693 328 2730 et
363 2690 621 2741 potissimum
657 2690 836 2729 familiae
868 2685 920 2728 B'
958 2689 1143 2740 propriae
1185 2689 1288 2727 sunt.
1352 2687 1468 2726 Tales
1505 2687 1600 2725 sunt
1631 2699 1662 2725 0.
1689 2687 1709 2724 Ι
1737 2689 1804 2738 13,
1830 2688 1854 2726 6

284 2754 416 2789 manet
439 2763 510 2800 pro
536 2753 695 2789 manent
718 2749 789 2788 Bu
813 2763 870 2799 pr.
892 2744 942 2802 (O
963 2743 1092 2803 deest)
1118 2761 1149 2787 0.
1170 2748 1190 2786 Ι
1211 2748 1277 2796 25,
1301 2748 1354 2785 13
1381 2747 1519 2795 cupido
1545 2759 1616 2796 pro
1644 2747 1761 2786 libido
1786 2747 1857 2786 Bu

286 2807 345 2858 (in
371 2810 404 2847 B
431 2822 622 2859 superscr.
649 2810 673 2846 τι
698 2807 834 2859 libido)
869 2804 919 2860 (O
946 2803 1089 2862 deest).
1151 2820 1182 2847 0.
1214 2807 1234 2844 Ι
1263 2808 1328 2857 28,
1358 2808 1410 2844 12
1443 2807 1501 2844 nil
1535 2819 1605 2855 pro
1637 2806 1735 2844 nihil
1765 2806 1856 2844 Blu

286 2863 335 2920 (C
363 2863 502 2921 deest).
553 2881 583 2907 0.
610 2868 652 2906 ΙΙ
681 2870 747 2919 12,
774 2869 799 2906 4
833 2870 970 2916 aptare
1000 2881 1072 2918 pro
1104 2868 1236 2916 aptari
1266 2861 1445 2904 A'Bi'v
1471 2859 1520 2918 (O
1547 2860 1686 2918 deest).
1737 2878 1768 2903 0.
1794 2865 1857 2903 ΠΙ

288 2928 325 2980 3,
344 2928 398 2965 34
426 2928 562 2966 ducere
586 2941 658 2978 pro
685 2929 830 2967 discere
854 2927 897 2966 in
915 2923 1101 2967 A'k'vio
1123 2921 1193 2981 (B'
1212 2920 1353 2979 deest).
1403 2937 1433 2964 0.
1459 2924 1521 2962 III
1547 2925 1586 2976 4,
1608 2926 1662 2963 38
1690 2925 1854 2971 addidit,
