2008 3230
277 156 431 195 XXVIII
917 160 1206 196 PRAEFATIO.

277 272 402 311 edidit
432 272 480 311 A.
507 272 668 324 Holder,
699 285 819 312 neues
847 272 996 312 Archiv
1020 272 1047 312 f.
1075 273 1143 311 alt.
1170 272 1358 311 deutsche
1385 272 1618 311 Geschichte
1643 272 1664 311 Ι
1690 266 1848 326 (1876)

277 345 522 383 414-416.
579 343 715 382 Etiam
746 343 952 394 epitaphia
982 343 1024 381 in
1054 343 1329 383 Hludouicum
1353 344 1394 382 ΙΙ
1425 338 1475 396 (†
1496 337 1601 397 875)
1633 345 1675 382 et
1699 342 1848 382 Arnal-

276 402 372 441 dum
404 399 679 443 ‘sacerdotem'
711 416 758 442 ex
788 403 1029 442 monasterio
1061 415 1089 443 s.
1121 402 1323 442 Ambrosii
1353 402 1652 442 Mediolanensi.

393 462 441 500 In
472 461 735 513 carminibus,
767 474 801 501 a.
827 476 884 514 p.,
915 462 1046 514 epod,
1084 475 1115 502 c.
1143 474 1171 501 s.
1204 462 1360 513 glossae
1391 462 1451 500 Fa
1483 462 1706 512 adscriptae
1739 461 1846 501 sunt.
1887 490 1891 493 -

275 521 482 560 Sermones
521 522 562 560 et
598 520 794 571 epistulae
833 522 986 573 glossas
1023 535 1103 561 non
1140 521 1299 560 habent.
1362 521 1494 560 Codex
1531 523 1624 560 ante
1660 534 1695 560 a.
1732 522 1843 560 1812

276 593 424 620 nouam
454 580 674 633 ligaturam
704 580 847 619 induit.
908 581 1005 620 Inde
1037 593 1061 619 a
1087 593 1115 619 s.
1141 581 1182 619 II
1211 582 1246 632 1,
1287 579 1358 619 ubi
1389 593 1520 620 nouus
1552 579 1761 631 quaternio
1786 580 1846 619 in-

275 639 383 691 cipit,
409 639 507 679 folia
532 653 612 679 non
638 641 733 678 sunt
757 640 901 680 codicis
927 639 1145 692 originalis,
1175 640 1242 679 sed
1268 639 1445 691 alterius,
1479 639 1549 690 qui
1575 639 1702 679 codici
1727 641 1740 678 1
1766 652 1846 679 non

274 700 357 738 tam
390 700 476 738 arte
507 699 649 738 adfinis
680 701 777 738 erat.

392 761 412 797 λ
432 759 505 797 etl
535 758 720 809 plurimis
757 758 854 798 locis
884 758 1032 797 mirum
1063 760 1261 810 quantum
1295 759 1346 797 ad
1375 758 1544 797 uerbum
1576 757 1845 809 consentiunt,

276 818 652 868 Mauortianamque
685 817 1016 868 subscriptionem
1046 820 1217 868 uterque
1250 817 1418 857 exhibet.

393 874 426 915 λ’
457 877 498 915 in
530 877 772 917 carminibus
809 878 850 916 et
881 877 1017 927 epodis
1049 877 1250 916 artissima
1287 876 1524 928 cognatione
1564 888 1655 919 cum
1689 874 1727 914 A
1761 875 1846 916 siue

275 933 322 974 A'
353 936 515 975 iunctus
553 937 629 987 est,
667 938 708 975 et
744 936 774 974 ii
810 936 888 986 ipsi
924 936 1020 988 loci,
1060 937 1206 987 quibus
1243 932 1276 975 λ’
1307 949 1399 975 cum
1429 935 1466 974 A
1497 936 1538 974 et
1572 947 1690 985 saepe
1721 934 1846 975 ctiam

275 1008 366 1034 cum
398 1008 425 1046 g
456 996 497 1033 et
527 1006 550 1034 σ
581 989 668 1048 (uel
700 989 745 1048 q)
783 995 996 1046 consentit,
1034 995 1198 1034 maximi
1234 995 1427 1034 momenti
1464 996 1576 1047 sunt,
1613 990 1710 1046 quia
1741 995 1848 1034 certo

273 1067 347 1104 pro
379 1053 646 1093 Mauortianis
677 1053 916 1093 lectionibus
946 1054 1085 1093 haberi
1115 1056 1295 1106 possunt,
1326 1055 1392 1093 ut:

394 1126 424 1151 c.
474 1113 536 1151 III
586 1115 624 1165 3,
646 1115 670 1152 8
732 1114 990 1165 impauidmn,
1021 1127 1100 1153 non
1131 1115 1366 1163 inpaaidum
1390 1109 1523 1166 Az'g,
1555 1126 1649 1165 ergo
1676 1113 1849 1153 Mauort.

393 1185 424 1211 c.
474 1172 536 1210 III
588 1174 624 1223 5,
646 1174 698 1212 51
727 1174 971 1221 propinquos
1001 1170 1077 1211 Ax
1086 1187 1123 1225 g,
1155 1186 1248 1225 ergo
1280 1173 1452 1212 Mauort.

396 1245 425 1271 c.
476 1232 538 1270 III
561 1233 626 1281 12,
651 1234 700 1270 11
738 1235 772 1270 et
803 1231 913 1272 omis.
946 1228 1069 1284 Aa'q,
1103 1245 1197 1284 ergo
1228 1232 1400 1271 Mauort.

395 1304 424 1329 c.
452 1291 535 1329 IIII
586 1293 623 1342 8,
646 1292 700 1330 34
733 1287 843 1342 Al'g
871 1292 992 1331 duxit.

393 1363 423 1389 c.
449 1350 532 1389 IIII
584 1353 620 1402 9,
643 1351 696 1390 35
730 1362 802 1399 qne
839 1350 949 1389 omis.
988 1346 1143 1402 Ak'go‘:
1197 1351 1304 1401 quod
1344 1349 1506 1401 quidem
1550 1349 1661 1389 illius
1703 1350 1850 1393 codicis

274 1410 462 1449 mendum
488 1410 651 1448 uidetur
674 1410 809 1461 fuisse,
837 1422 915 1460 quo
936 1410 1189 1460 potissimum
1214 1409 1492 1448 Mauortianae
1518 1409 1710 1449 lectiones
1736 1409 1851 1450 nobis

274 1469 448 1509 traditae
492 1470 604 1520 sunt,
647 1470 811 1519 propter
853 1482 937 1508 rem
979 1469 1188 1508 metricam
1230 1467 1394 1508 tolerari
1437 1469 1590 1519 nequit.
1657 1469 1850 1509 Eiusdem

276 1529 431 1580 generis
468 1530 530 1567 est
567 1529 680 1579 epod.
715 1530 751 1579 5,
774 1530 830 1567 20
866 1528 1083 1567 uerborum
1120 1527 1329 1568 collocatio
1367 1526 1503 1577 strb'yis
1532 1531 1748 1568 metat-nae
1776 1541 1849 1579 pro

274 1591 486 1627 necta-ornae
521 1586 656 1637 striyts
693 1582 857 1641 (Axe),
893 1587 990 1626 item
1032 1587 1141 1638 epod.
1180 1589 1245 1639 11,
1270 1589 1321 1627 16
1353 1584 1479 1626 nenas
1509 1587 1577 1626 Αλ
1607 1600 1679 1638 pro
1711 1588 1849 1627 nentis.

274 1661 295 1698 λ
326 1659 572 1710 compositus
608 1658 771 1697 uidetur
802 1671 849 1697 ex
880 1658 1007 1698 altero
1045 1659 1178 1698 codice
1209 1659 1249 1697 II
1281 1661 1321 1698 et
1353 1659 1479 1698 altero
1504 1659 1566 1697 ΙΙΙ
1601 1658 1760 1698 ordinis.
1827 1659 1849 1697 λ

272 1719 357 1769 ipse
388 1719 511 1758 refert
541 1731 575 1756 a.
601 1732 639 1768 p.
667 1719 750 1757 305
785 1719 825 1756 et
850 1719 939 1756 -371
975 1714 1041 1757 ‘ai
1073 1715 1182 1757 lviber'
1203 1750 1210 1758 .
1233 1748 1239 1755 .
1263 1749 1271 1756 .
1303 1717 1478 1758 codicem
1512 1718 1683 1758 fortasse
1709 1713 1756 1756 B'
1785 1718 1854 1757 uel

274 1789 399 1828 alium
429 1790 470 1828 II
502 1789 650 1829 ordinis
681 1789 829 1828 librum
859 1788 1090 1840 respiciens,
1131 1789 1300 1828 fortasse
1338 1789 1603 1840 archetypum
1633 1787 1781 1828 codicis
1813 1788 1850 1827 A

273 1849 344 1900 qui
370 1849 420 1887 ad
446 1862 480 1888 a.
506 1862 543 1899 p.
571 1849 801 1899 deperditus
827 1849 898 1900 est,
924 1849 987 1909 effi
1013 1848 1046 1886 si
1071 1848 1180 1899 libet,
1207 1848 1388 1887 addenda
1413 1862 1460 1888 ex
1485 1849 1568 1888 cod.
1603 1848 1632 1887 Β
1658 1848 1711 1887 ad
1734 1860 1766 1888 c.
1785 1847 1849 1887 ΙΠ

277 1922 294 1958 1
331 1919 393 1958 tit.
427 1913 484 1973 (p.
517 1915 634 1972 441).
685 1919 914 1958 Nonnullae
945 1919 986 1957 II
1017 1919 1166 1958 ordinis
1191 1919 1382 1959 lectiones
1406 1919 1449 1957 in
1480 1920 1564 1959 solo
1591 1921 1623 1971 λ,
1654 1932 1735 1958 non
1765 1919 1847 1958 inl

271 1992 455 2030 seruatae
481 1993 592 2043 sunt,
618 2003 712 2042 ergo
737 1990 927 2029 lectiones
945 1990 987 2028 II
1012 1990 1162 2029 ordinis
1186 1991 1228 2028 in
1254 1988 1286 2029 λ’
1311 1991 1591 2030 tantummodo
1612 1990 1846 2042 adscriptas,

272 2064 351 2089 non
383 2051 425 2088 in
456 2052 612 2089 textum
648 2051 828 2099 receptas
865 2049 987 2089 fuisse
1024 2051 1207 2101 apparet,
1244 2051 1309 2088 ut:
1341 2063 1371 2089 c.
1397 2050 1417 2088 I
1447 2052 1482 2098 7,
1505 2051 1558 2088 25
1587 2052 1753 2098 parente
1782 2050 1851 2099 Fl,

451 2122 481 2148 c.
531 2110 573 2147 II
595 2111 661 2160 13,
713 2111 736 2147 8
771 2109 936 2147 colchica
955 2110 1038 2159 ‘pro
1071 2109 1199 2147 colcha
1228 2109 1298 2160 Fl,

450 2182 480 2208 c.
512 2169 575 2207 ΠΙ
626 2170 663 2219 7,
685 2169 741 2207 20
771 2170 898 2206 monet
927 2181 998 2218 pro
1030 2171 1158 2206 monet
1186 2168 1252 2219 Fl,

449 2240 477 2266 s.
530 2228 572 2266 ΙΙ
622 2229 659 2278 2,
682 2228 735 2266 13
769 2228 958 2266 cedentem
987 2239 1097 2266 mera
1126 2240 1198 2277 pro
1230 2228 1418 2267 cedentem
1449 2238 1545 2266 aera
1574 2226 1640 2277 ΡΙ,

452 2299 485 2328 s,
533 2287 574 2324 ΙΙ
625 2288 662 2338 2,
685 2288 737 2326 59
771 2287 844 2325 olet
872 2300 944 2337 pro
976 2287 1049 2325 olei
1078 2286 1131 2324 Fl
1163 2287 1386 2325 etmultae
1418 2286 1531 2325 aliae.

274 2349 294 2385 λ
326 2348 367 2385 et
397 2347 412 2384 1
443 2360 490 2385 ex
521 2346 658 2385 eodem
689 2345 821 2385 codice
847 2340 918 2399 (λ’)
950 2345 1138 2395 descripti
1164 2347 1269 2397 sunt,
1301 2358 1380 2384 non
1405 2347 1426 2384 λ
1451 2359 1498 2384 ex
1523 2346 1537 2383 1
1563 2346 1636 2385 aut
1661 2346 1675 2383 1
1701 2358 1748 2384 ex
1774 2340 1844 2399 ll).

274 2409 295 2444 λ
326 2419 405 2444 non
443 2419 490 2444 ex
520 2406 535 2444 1
567 2405 788 2455 descriptus
820 2407 897 2456 est,
937 2417 1030 2443 nam
1069 2417 1097 2443 s.
1123 2405 1143 2443 I
1171 2407 1207 2456 9,
1235 2407 1291 2444 54
1321 2406 1529 2453 promimus
1560 2405 1591 2455 1,
1626 2416 1847 2453 proxumus

273 2467 378 2504 recte
405 2467 469 2516 M,
501 2466 515 2503 1
539 2478 620 2504 non
645 2478 693 2503 ex
715 2466 736 2502 λ
762 2464 983 2514 descriptus
1009 2465 1080 2515 est,
1112 2463 1243 2515 quial
1268 2464 1442 2503 codicem
1462 2466 1482 2502 λ
1508 2465 1642 2503 aetate
1668 2465 1847 2516 superat,

275 2526 315 2563 et
350 2524 433 2564 uid.
465 2537 493 2563 s.
526 2524 566 2562 H
600 2525 636 2575 5,
658 2525 731 2575 88,
766 2523 837 2562 ubi
867 2524 882 2562 1
912 2535 984 2573 pro
1016 2524 1210 2562 institerat
1246 2523 1454 2573 archetypi
1485 2523 1624 2562 scribit
1660 2524 1844 2568 intst'terat,

274 2586 294 2622 λ
318 2583 376 2622 nil
401 2583 478 2622 nisi
505 2585 641 2623 titerat.
691 2584 712 2621 λ
738 2596 860 2633 quam
891 2581 1188 2622 accuratissime
1219 2596 1240 2622 e
1266 2578 1299 2621 λ’
1323 2582 1544 2632 descriptus
1571 2584 1650 2633 est3
1684 2582 1798 2633 epist.
1825 2582 1846 2621 Ι

277 2669 344 2718 11,
373 2669 425 2705 13
459 2668 481 2705 λ
513 2666 634 2705 habet
672 2645 822 2714 fztrnos.
896 2666 973 2704 Hic
1006 2678 1033 2715 y
1070 2677 1188 2704 sensu
1223 2666 1342 2715 plane
1385 2667 1510 2717 caret,
1553 2665 1595 2704 in
1639 2681 1671 2716 φ
1708 2667 1846 2705 autem

274 2726 434 2777 signum
472 2727 532 2765 est
569 2725 708 2764 scholii
742 2724 994 2777 marginalis3
1034 2724 1140 2763 unde
1175 2725 1353 2774 profecto
1389 2725 1542 2764 codices
1578 2727 1639 2775 φλ
1672 2726 1741 2764 uel
1773 2720 1847 2764 Ἑλ]

275 2799 322 2824 ex
361 2798 441 2824 uno
486 2785 703 2835 eodemque
745 2785 846 2824 libro
891 2785 1028 2823 eadem
1069 2784 1220 2823 scholia
1257 2783 1465 2823 exhibente
1502 2785 1662 2823 fluxisse
1703 2785 1844 2824 elucet.

276 2858 298 2895 λ
329 2857 436 2896 solus
475 2869 722 2906 quamquam
760 2856 882 2895 etiam
920 2855 1157 2894 aduersante
1195 2855 1327 2894 codice
1359 2856 1373 2894 1
1403 2855 1606 2895 interdum
1638 2868 1778 2895 ueram
1804 2855 1846 2895 H

400 2957 424 3004 1)
449 2956 507 2992 tit.
537 2957 642 3003 epod.
673 2961 734 2994 16:
762 2956 993 2992 ALTERNA
1018 2958 1136 3002 recte3
1162 2956 1226 2991 AT
1253 2955 1418 2993 TERNA
1444 2959 1463 2992 λ
1487 2949 1651 2994 ALTNO
1678 2957 1701 2993 z.
