2008 3230
272 126 370 161 LXX
914 124 1198 164 PRAEFATIO.

395 237 495 277 Cum
521 239 646 278 classe
671 238 805 278 tertia·
817 238 1053 289 familiaque
1071 233 1150 278 Fa'
1170 238 1292 278 codex
1316 235 1372 291 β”
1391 238 1490 277 facit
1509 251 1540 278 c.
1559 239 1580 277 I
1602 240 1640 290 7,
1662 240 1714 278 15
1741 239 1848 278 unde

276 312 429 338 nouum
455 311 612 337 carmen
643 298 786 348 incipit
817 298 1002 348 apposito
1033 298 1108 337 hoc
1133 298 1273 338 titulo:
1299 297 1381 336 AD
1405 296 1689 338 PLANCVM
1712 298 1848 338 HOR-

282 356 454 396 TATIO
485 356 567 396 AD
593 358 759 396 BENE
790 358 854 397 VI
859 358 1119 397 VENDVM.
1169 371 1199 396 c.
1219 358 1240 397 Ι
1266 359 1332 410 18,
1354 359 1378 396 5
1405 359 1589 406 increpat.
1641 371 1672 397 c.
1692 358 1713 396 Ι
1738 358 1807 409 25,
1824 358 1848 396 5

276 418 422 466 faciles.
474 430 504 456 c.
530 417 551 455 I
579 418 652 469 28,
680 418 704 456 3
738 418 840 456 litus.
891 430 921 455 c.
947 417 968 455 Ι
995 419 1068 468 31,
1098 419 1147 456 11
1184 418 1336 456 cululis.
1387 430 1418 456 c.
1445 417 1465 454 Ι
1492 418 1559 468 32,
1589 419 1608 455 1
1637 419 1849 466 poscimur.

279 491 310 516 c.
330 477 351 514 I
379 477 446 527 35,
471 478 522 514 17
551 489 674 516 saeua
697 477 766 516 uel
791 489 895 515 seua.
941 489 972 516 c.
990 476 1032 515 Π
1061 478 1126 528 13,
1148 478 1172 515 8
1200 478 1375 516 colchica.
1420 489 1450 516 c.
1471 476 1512 515 Π
1541 478 1607 528 18,
1629 477 1653 514 8
1688 478 1851 517 clientes.

281 550 312 576 c.
339 536 380 574 ΙΙ
415 537 486 587 18,
515 537 568 574 36
607 537 788 575 reuiuoez't.
844 549 875 575 c.
901 535 942 574 H
976 537 1049 588 20,
1079 537 1131 574 13
1171 538 1273 575 ocior
1309 537 1377 575 uel
1416 538 1523 575 otior.
1579 536 1698 575 <2111
1723 537 1768 589 4,
1797 538 1850 575 14

282 596 540 635 aeherumtiae.
591 608 621 634 c.
641 595 704 634 ΙΙΙ
731 598 768 647 9,
791 598 814 634 9
847 596 954 644 riyet.
1005 608 1035 634 c.
1061 595 1123 634 III
1151 597 1218 647 30,
1241 597 1294 634 12
1327 599 1518 645 regnator.
1569 608 1601 634 c.
1626 595 1711 636 Im
1737 597 1774 647 7,
1797 597 1849 635 17

278 657 393 694 ultae.
445 668 476 694 c.
502 655 586 693 IHI
614 656 650 706 7,
681 657 732 694 19
771 656 928 694 herebis.
985 655 1097 705 epod.
1128 658 1170 706 1,
1201 657 1255 694 10
1286 667 1406 704 quem.
1464 655 1576 705 epod.
1605 655 1648 706 5,
1677 657 1699 694 1
1739 656 1852 703 reyis.

280 715 392 764 epod.
428 715 471 766 5,
500 716 551 752 21
593 715 738 753 colchos
778 709 866 768 (fh)
907 715 976 753 uel
1016 715 1160 753 cholcos
1198 709 1274 767 (β).
1335 711 1446 764 epod.
1476 715 1519 766 5,
1547 715 1601 753 34
1640 715 1852 753 immemori.

281 774 392 824 epod.
421 775 464 825 6,
493 775 517 812 3
550 777 664 813 uerte.
723 774 835 824 epod.
865 776 907 825 6,
935 775 960 812 4
986 777 1083 822 pete.
1142 774 1253 824 epod.
1282 775 1326 825 6,
1354 775 1377 812 5
1412 775 1533 812 lacon.
1584 773 1697 823 epod.
1727 774 1799 824 14,
1827 775 1852 813 3

279 835 348 878 uti,
381 834 498 884 gloss.
525 834 656 872 ueluti.
707 833 820 883 epod.
850 835 916 884 17,
937 834 961 871 5
995 834 1136 881 ἀφῆκα.
1188 833 1299 883 epod.
1330 835 1470 884 17,17
1505 834 1602 871 circe
1632 833 1701 871 uel
1732 834 1854 872 circos.

281 893 342 931 Ex
367 892 576 943 dactylicis
602 892 845 932 carminibus
871 892 969 931 satis
996 893 1072 931 erit
1097 904 1336 931 memorasse
1362 891 1717 942 interpolationem
1741 891 1854 947 illam

280 964 469 1003 magnam
501 953 594 990 ante
627 964 740 991 serm.
767 952 787 989 I
815 953 870 990 10
902 952 1098 991 adsutam.

399 1011 514 1050 Vnde
547 1010 721 1050 efficitur
752 1011 927 1050 codicem
958 1011 984 1063 β
993 1006 1015 1022 ”
1040 1011 1170 1062 magis
1197 1023 1288 1049 cum
1314 1010 1435 1049 tertia
1461 1023 1583 1061 quam
1609 1023 1700 1050 cum
1725 1010 1856 1061 prima

282 1071 407 1109 classe
439 1083 667 1121 congruere.
717 1070 935 1109 Permultis
967 1083 1064 1109 uero
1096 1070 1194 1109 locis
1227 1082 1294 1109 eas
1325 1070 1491 1120 praebet
1516 1070 1719 1122 lectiones,
1752 1083 1855 1121 quae

283 1132 331 1168 ut
361 1129 515 1180 primae
549 1132 588 1169 et
619 1130 764 1169 tertiae
796 1130 914 1169 classi
946 1142 1175 1169 communes
1207 1131 1314 1181 sunt,
1344 1130 1404 1168 ita
1428 1143 1509 1169 non
1534 1130 1791 1180 reperiuntur
1814 1130 1858 1168 in
1886 1125 1891 1131 ’

283 1189 466 1229 secunda.

405 1248 519 1295 Quod
551 1249 601 1287 ad
639 1248 835 1287 scribendi
873 1249 1071 1288 rationem
1108 1248 1274 1300 attinet,
1311 1261 1579 1288 memoramus
1611 1262 1642 1288 c.
1668 1249 1710 1287 H
1737 1251 1775 1300 1,
1804 1251 1857 1290 16

285 1309 492 1348 dalmatico
517 1321 588 1358 pro
615 1309 825 1347 delmatico.
876 1321 907 1347 c.
926 1308 968 1346 II
995 1309 1032 1359 3,
1055 1309 1108 1347 28
1137 1309 1292 1358 cymbae
1317 1321 1389 1358 pro
1416 1309 1586 1347 cumbae.
1636 1321 1668 1348 c.
1687 1308 1730 1347 II
1750 1311 1787 1360 9,
1805 1309 1857 1350 16

284 1369 428 1416 friolae
458 1381 530 1418 pro
555 1368 759 1416 phryqiae.
810 1380 840 1406 c.
867 1367 929 1406 ΠΙ
958 1369 1024 1419 16,
1045 1369 1098 1406 41
1133 1368 1343 1418 halyattici.
1393 1380 1425 1406 c.
1445 1367 1528 1406 IIII
1554 1369 1593 1419 3,
1616 1368 1670 1407 14
1701 1369 1858 1408 soboles.

286 1441 316 1466 c.
337 1427 421 1465 IIII
444 1429 480 1478 7,
503 1428 557 1466 26
583 1427 805 1476 hypolitmn.
856 1427 968 1477 epod.
993 1428 1029 1478 2,
1051 1427 1105 1466 55
1131 1428 1347 1466 iocumclior.
1392 1426 1504 1476 epod.
1526 1428 1564 1478 5,
1586 1428 1640 1466 52
1673 1428 1861 1468 archana.

287 1487 399 1537 epod.
435 1489 478 1538 9,
507 1486 560 1524 25
593 1487 845 1535 kartayiuem.
903 1486 1014 1536 epod.
1046 1488 1116 1538 12,
1146 1487 1199 1524 18
1239 1487 1365 1526 chous,
1426 1486 1511 1526 Nec
1547 1486 1678 1538 magis
1714 1487 1861 1527 Horati

288 1548 463 1586 aetatem
494 1545 658 1596 sapiunt
688 1546 840 1585 formae
873 1549 1078 1595 teymessae
1116 1558 1146 1584 c.
1176 1545 1218 1583 II
1246 1547 1290 1597 4,
1319 1547 1362 1596 6,
1399 1547 1561 1594 ,enidius
1597 1558 1628 1585 c.
1653 1545 1696 1585 II
1722 1547 1766 1598 5,
1793 1547 1862 1598 20,

287 1606 424 1644 herusm
455 1618 487 1645 c.
511 1605 553 1643 Π
582 1606 647 1656 18,
675 1607 730 1644 32
764 1605 921 1644 similia.
955 1601 1012 1656 β”
1043 1605 1345 1644 uetustissimus
1377 1605 1478 1644 liber
1508 1607 1569 1645 est
1599 1605 1671 1644 ubi
1700 1605 1774 1645 has
1800 1606 1863 1645 ui-

288 1665 428 1704 demus
459 1665 650 1704 lectiones
681 1665 905 1715 prauiores:
945 1666 1040 1703 letas
1072 1659 1235 1718 (laetas)
1267 1678 1339 1715 pro
1372 1665 1486 1703 lectas
1517 1678 1548 1704 c.
1581 1677 1610 1704 s.
1638 1666 1675 1704 6.
1730 1666 1864 1715 releyit

289 1738 361 1775 pro
393 1725 538 1773 recleyit
568 1724 681 1773 epod.
710 1725 752 1775 2,
780 1725 846 1763 69.
898 1727 1073 1773 corruqet
1105 1737 1176 1774 pro
1217 1727 1397 1773 couruyet
1427 1724 1541 1774 epist.
1574 1724 1595 1762 Ι
1627 1726 1671 1776 5,
1700 1725 1754 1763 23
1792 1726 1863 1763 ’ἰηι-

284 1787 420 1832 portes
450 1796 522 1833 pro
554 1784 724 1831 importes
762 1783 877 1833 epist.
903 1783 923 1821 Ι
951 1784 1017 1835 13,
1046 1784 1082 1822 5.
1138 1786 1350 1832 puteosque
1379 1797 1452 1834 pro
1482 1786 1671 1832 puteosne
1703 1784 1817 1834 epist.
1844 1784 1864 1822 I
1913 1803 1916 1805 -

293 1844 361 1894 15,
391 1843 457 1881 15.
506 1844 725 1882 rationibus
755 1856 827 1892 pro
858 1843 1112 1882 monitoribus
1143 1843 1258 1893 epist.
1284 1843 1326 1881 ΙΙ
1355 1844 1391 1894 2,
1420 1844 1514 1882 154.
1558 1844 1762 1892 plausoris
1791 1857 1863 1894 pro

286 1904 460 1952 plosoris
492 1915 526 1941 a.
552 1916 591 1952 p.
620 1903 717 1942 154.
772 1902 981 1941 Neminem
1007 1902 1135 1953 igitur
1158 1902 1290 1953 fugiet
1321 1902 1516 1942 eiusmodi
1541 1902 1700 1955 librum,
1725 1916 1864 1953 quam-

293 1975 416 2012 quam
448 1962 489 2000 ni
520 1962 641 2000 fallor
672 1961 752 2000 iam
785 1974 889 2000 nono
930 1962 1088 2000 saeculo
1123 1963 1340 2013 exaratum,
1378 1964 1462 2000 tam
1499 1962 1618 2012 parui
1655 1974 1739 2002 esse
1769 1975 1865 2013 pen-

293 2022 478 2072 dendum,
510 2022 558 2059 ut
588 2021 702 2059 nulla
734 2021 770 2060 ei
800 2021 1008 2060 tribuatur
1038 2021 1259 2060 auctoritas
1291 2021 1342 2059 ad
1366 2034 1510 2060 uerum
1534 2021 1679 2060 Horati
1706 2023 1865 2061 contex-

295 2083 384 2119 tum
415 2080 727 2131 restituendum;
759 2081 859 2118 nihil
891 2080 1003 2119 aliud
1034 2093 1118 2119 esse
1150 2076 1204 2132 β”
1237 2093 1359 2131 quam
1391 2080 1552 2120 affinem
1582 2081 1760 2120 familiae
1792 2081 1877 2132 Fi,

294 2153 384 2178 cum
417 2140 525 2191 aliis,
562 2141 651 2178 tum
687 2139 737 2178 iis
773 2140 900 2178 uariis
938 2139 1176 2179 lectionibus
1212 2140 1493 2193 immutatum,
1531 2153 1635 2191 quae
1674 2140 1866 2179 oriundae

294 2201 388 2238 sunt
420 2212 444 2237 a
476 2200 600 2237 classe
631 2199 771 2248 prima.
1824 2200 1825 2203 ’

412 2259 499 2296 Iam
530 2271 625 2297 uero
658 2258 876 2297 describere
908 2258 1007 2297 libet
1043 2260 1123 2297 tres
1160 2259 1253 2298 illos
1290 2259 1444 2298 codices
1475 2259 1575 2311 ssfh,
1614 2273 1662 2298 ex
1693 2271 1866 2309 quorum

296 2318 483 2369 congruis
514 2317 753 2357 lectionibus
785 2319 1012 2356 construere
1044 2318 1160 2357 licuit
1191 2319 1339 2357 librum
1370 2319 1633 2370 originarium
1664 2315 1743 2370 ss‘ss*

1067 2437 1092 2488 β

418 2521 443 2571 β
470 2537 525 2550 =
553 2520 675 2559 codex
705 2519 916 2558 Bernensis
951 2520 1001 2558 21
1044 2519 1387 2570 membranaceus,
1425 2519 1521 2557 olim
1558 2519 1870 2571 Bongarsianus,

300 2581 420 2618 antea
451 2579 563 2618 Petri
589 2579 771 2618 Danielis
798 2579 1115 2628 Aurelianensis3
1145 2579 1290 2617 ultimo
1318 2579 1423 2617 enim
1448 2578 1546 2618 folio
1572 2579 1766 2629 scriptum
1792 2581 1871 2619 est:

299 2639 432 2684 „Pour
463 2638 578 2677 Mou⁸
609 2639 757 2677 Dauiel
795 2639 963 2677 aduocat
997 2638 1035 2676 A
1071 2637 1175 2676 Orw
1208 2633 1283 2690 (=
1310 2635 1506 2688 Orle'aus).
1572 2638 1670 2677 Inde
1708 2652 1732 2677 a
1770 2651 1871 2678 saec.

298 2696 398 2749 ffi
435 2722 563 2760 usque
605 2710 656 2748 ad
697 2722 796 2749 saec.
821 2696 905 2748 {V
939 2709 1003 2747 hic
1041 2709 1142 2748 liber
1175 2708 1256 2747 fuit
1292 2709 1334 2747 in
1366 2709 1528 2748 abbatia
1567 2709 1725 2748 sancti
1755 2710 1869 2750 Dio-

301 2770 429 2819 nysii
464 2767 521 2820 (S.
553 2764 708 2823 Denys)
747 2770 800 2808 cf..
833 2769 983 2807 Delisle
1021 2770 1098 2807 cat.
1138 2769 1206 2807 des
1242 2781 1333 2809 mss.
1365 2768 1386 2806 Ι
1420 2770 1663 2808 203-204.
1728 2768 1869 2809 Chate-

302 2841 398 2892 lain,
423 2853 544 2879 revue
565 2840 612 2879 de
631 2840 850 2903 pgilologie
868 2827 947 2879 X—It
966 2834 1123 2894 (1888)
1142 2854 1180 2890 p.
1197 2840 1263 2878 18.
1312 2839 1446 2878 Habet
1463 2840 1561 2879 folia
1583 2841 1679 2892 123,
1704 2842 1871 2893 o,39><

303 2913 399 2963 0,29
420 2925 484 2962 m.,
523 2924 620 2950 saec.
654 2913 690 2951 X
722 2912 871 2963 scripta
909 2912 1126 2964 eademque
1157 2912 1239 2951 fere
1271 2911 1421 2951 scholia
1455 2911 1633 2952 continet
1664 2925 1766 2969 quae
1797 2912 1869 2952 Fi.
