2008 3230
841 117 1129 165 PRAEFATIO.
1691 125 1777 161 XIX

971 267 1006 306 B

317 341 507 382 Summae
544 339 803 391 antiquitatis
841 340 883 379 et
919 337 1175 378 auctoritatis
1200 338 1262 376 est
1292 336 1415 376 codex
1445 336 1479 374 B
1495 353 1552 367 =
1566 335 1780 375 Bel-nensis

198 405 296 455 363,
328 402 426 443 olim
456 400 776 453 Bongarsianus,
801 398 1147 449 membranaceus,
1179 399 1218 449 O,
1236 398 1319 436 236
1341 403 1400 438 ><
1418 398 1458 447 Ο,
1476 397 1558 436 186
1584 409 1649 447 m.,
1674 395 1781 434 inter

196 474 322 504 annos
355 464 442 502 850
473 463 516 501 et
546 462 632 501 870
663 459 811 499 litteris
844 458 1031 499 Scotticis
1063 458 1263 496 exaratus,
1324 456 1512 496 Aliorum
1542 455 1673 495 tribus
1700 455 1780 494 col-

195 522 417 565 lationibus
453 520 573 560 nimis
610 518 749 560 confisi
785 519 864 569 ipsi
899 519 1006 557 hunc
1044 517 1221 557 codicem
1259 516 1438 556 conferre
1469 515 1780 567 supersedimus,

197 582 276 622 nisi
313 582 432 634 quod,
471 594 564 620 cum
599 593 671 630 per
706 578 940 618 Heluetiam
976 578 1054 617 iter
1083 577 1274 629 facerem,
1314 588 1466 626 paucos
1497 575 1606 615 locos
1638 575 1782 614 dubios

196 642 351 681 Bernae
370 641 455 692 ipse
474 640 640 691 inspexi,
667 652 748 690 quo
767 639 925 678 factum
944 639 1016 689 est,
1041 638 1100 690 ut,
1127 636 1237 687 quod
1255 649 1362 675 nunc
1382 635 1546 686 quidem
1571 649 1620 675 ex
1637 635 1781 686 photo-

196 701 335 752 typica
373 700 550 753 imagine
591 700 776 751 apparet,
814 697 1089 748 compluribus
1126 696 1224 736 locis
1261 695 1453 736 lectiones
1491 708 1636 746 parum
1675 696 1782 734 recte

196 761 466 801 redderentur.
527 759 673 810 Itaque
715 771 964 810 quamquam
1004 756 1296 808 propemodum
1327 755 1480 807 omnia,
1513 768 1618 806 quae
1648 754 1783 793 indili-

198 821 359 873 gentius
389 821 518 860 relata
549 821 680 871 erant,
718 819 817 858 adeo
848 818 959 858 leuia
990 819 1102 869 sunt,
1140 818 1190 855 ut
1221 816 1273 855 ad
1303 817 1537 856 contextum
1566 815 1784 855 restituen-

135 907 139 910 -
164 877 170 882 ⁹
199 880 295 920 dum
334 894 384 920 ne
425 879 582 920 minimi
613 879 776 931 quidem
811 877 1005 918 momenti
1037 877 1137 928 sint,
1178 878 1335 928 tamen,
1376 875 1519 926 nequis
1559 875 1784 927 legentium

199 940 374 992 dubitet,
413 940 511 991 quid
543 952 704 990 quoque
734 939 822 978 loco
854 938 897 977 in
928 937 1062 977 codice
1094 937 1128 976 B
1160 949 1303 975 reuera
1333 936 1532 974 traditum
1563 935 1628 987 sit,
1661 947 1783 986 quae-

198 1013 370 1050 cumque
394 1000 517 1038 huius
542 999 699 1051 generis
723 998 986 1050 repperimus,
1017 1010 1065 1037 ea
1090 997 1133 1035 in
1157 997 1279 1035 huius
1306 995 1495 1036 editionis
1520 1008 1558 1046 p.
1586 996 1674 1036 440
1700 1007 1787 1046 sqq.

199 1059 544 1110 scrupulosissime
576 1059 834 1098 contulimus.

319 1129 451 1170 Codex
481 1130 516 1169 B
548 1130 645 1169 olim
674 1129 812 1169 Iacobi
836 1128 1053 1180 Bongarsii
1083 1128 1230 1180 fuerat,
1261 1127 1343 1166 uiri
1373 1140 1446 1177 per
1476 1127 1628 1166 multos
1660 1139 1788 1166 annos

200 1191 243 1230 in
272 1190 393 1230 rebus
425 1202 526 1241 quas
558 1189 699 1228 dicunt
729 1188 1001 1239 diplomaticis
1027 1187 1211 1237 adhibiti,
1242 1187 1330 1226 nati
1355 1186 1570 1226 Aureliani
1595 1199 1630 1227 a.
1660 1188 1788 1237 1554,

198 1247 229 1303 †
259 1250 426 1290 Parisiis
460 1251 586 1289 1612.
647 1248 832 1288 Floriaco
871 1248 923 1287 ad
953 1247 1131 1300 Ligerim
1169 1247 1248 1286 sito
1287 1248 1423 1286 ortum
1454 1259 1539 1286 esse
1571 1246 1721 1285 librum
1752 1246 1786 1284 B

198 1323 271 1351 nos
309 1322 470 1361 quoque
508 1309 551 1348 in
586 1309 719 1359 priore
758 1308 934 1348 editione
971 1308 1164 1359 diximus,
1202 1307 1271 1346 sed
1309 1309 1495 1346 auctores
1533 1306 1662 1346 nostri
1693 1306 1788 1346 falsi

203 1372 329 1410 erant.

317 1430 464 1469 Insunt
494 1429 651 1482 glossae
682 1428 935 1480 Hibernicae,
967 1427 1015 1467 de
1048 1427 1196 1478 quibus
1227 1427 1321 1467 uide
1353 1426 1537 1478 Whitley
1568 1426 1712 1466 Stokes
1743 1426 1786 1465 in

198 1490 313 1542 libro,
345 1490 412 1529 cui
442 1490 591 1529 titulus
620 1488 916 1540 praemittitur:
948 1487 1158 1540 Goidilica,
1192 1489 1307 1528 notes
1340 1500 1392 1527 on
1422 1487 1492 1526 the
1525 1486 1663 1526 Gaelic
1693 1499 1786 1526 mss.

198 1550 241 1589 in
265 1550 403 1603 Turin,
434 1549 599 1601 Milano,
631 1549 771 1600 Berne,
802 1548 977 1600 Leyden,
1010 1547 1222 1587 Calcuttae
1254 1560 1290 1587 a.
1326 1548 1442 1587 1866
1472 1547 1642 1599 uolgato
1669 1548 1710 1586 et
1737 1547 1787 1586 H.

199 1610 360 1662 Hagen,
391 1610 562 1661 praefat.
594 1609 678 1648 cod.
711 1609 829 1647 Bern.
865 1609 949 1647 363
983 1621 1020 1658 p.
1052 1608 1145 1646 XLI
1176 1620 1233 1659 sq.
1267 1610 1308 1648 et
1339 1604 1494 1647 ‘antike
1525 1607 1610 1646 und
1636 1606 1787 1646 mittel-

200 1670 407 1710 alterliche
439 1663 758 1719 Rathselpoesie'
791 1682 830 1719 p.
858 1670 912 1707 47
942 1680 999 1718 sq.

317 1742 402 1782 Fol.
437 1742 547 1781 1862
576 1740 693 1779 iuxta
725 1752 754 1780 s.
779 1739 801 1778 Ι
822 1741 859 1791 2,
882 1741 967 1779 124
1001 1738 1102 1788 (Nec
1132 1741 1260 1789 mayis
1292 1740 1384 1778 alba
1414 1740 1525 1790 uelit,
1563 1751 1683 1789 quam
1721 1740 1791 1779 dat

198 1805 358 1848 natura,
389 1800 536 1850 uideri)
569 1800 818 1851 adscriptum
843 1801 922 1839 est:
954 1795 1108 1849 ‘reyina
1133 1796 1394 1849 anyelberya',
1427 1812 1551 1850 quam
1578 1799 1790 1850 aequalem

200 1862 325 1901 fuisse
366 1861 578 1902 scribentis
619 1861 661 1900 et
700 1872 862 1900 cerussa
898 1859 1028 1899 malas
1067 1859 1266 1899 obleuisse
1304 1859 1585 1910 comperimus.
1639 1859 1789 1911 Angel-

198 1934 323 1986 berga
362 1933 444 1972 fuit
481 1946 584 1972 uxor
622 1931 844 1971 Hludouici
874 1918 924 1970 H
951 1931 1311 1983 Langobardorum
1348 1931 1473 1983 regis,
1515 1931 1587 1982 qui
1624 1943 1659 1970 a.
1702 1932 1787 1970 855

199 1994 420 2045 imperator
443 1993 577 2032 factus
603 1993 674 2032 cst.
719 1992 871 2043 Nupsit
895 1992 933 2031 ei
958 2005 992 2031 a.
1021 1992 1120 2044 856,
1145 1992 1237 2030 uita
1263 1991 1457 2031 defuncta
1483 1993 1545 2030 est
1570 2004 1602 2031 c.
1628 2004 1663 2030 a.
1691 1992 1789 2031 890.

323 2065 409 2104 Fol.
439 2066 549 2104 1942
580 2063 790 2103 inuenitur
820 2077 981 2103 carmen
1013 2063 1063 2102 ad
1096 2063 1300 2103 Tadonem
1333 2062 1679 2113 archiepiscopum
1709 2062 1791 2101 Me—

205 2125 478 2165 diolanensem
504 2124 710 2175 pertinens
738 2118 792 2178 (a.
821 2117 1090 2177 861—869).
1141 2122 1274 2163 Codex
1299 2124 1333 2162 B
1360 2122 1540 2162 creditur
1564 2123 1607 2161 in
1631 2123 1790 2174 Lango-

203 2185 345 2224 bardia
389 2185 562 2235 scriptus
601 2197 685 2224 esse
727 2186 768 2223 et
806 2184 1048 2235 archetypus
1085 2179 1145 2230 B',
1177 2197 1225 2222 ex
1257 2196 1337 2234 quo
1370 2184 1404 2222 B
1436 2184 1477 2222 et
1508 2182 1538 2222 C
1575 2183 1791 2234 fluxerunt,

203 2257 321 2296 Bobii
351 2257 487 2296 fuisse.
540 2256 618 2295 Sed
642 2256 685 2294 in
715 2257 853 2295 uetere
878 2255 1069 2295 Bobiensi
1100 2256 1287 2306 catalogo
1314 2267 1415 2295 saec.
1447 2256 1482 2293 X
1515 2255 1625 2306 apud
1656 2254 1790 2294 Mura-

202 2317 371 2369 torium,
413 2316 602 2367 antiquit.
641 2316 733 2355 Ital.
769 2315 831 2354 111
868 2329 906 2366 p.
935 2317 1171 2355 817—-824
1212 2315 1407 2355 Horatius
1448 2328 1529 2354 non
1569 2314 1789 2354 inuenitur.

202 2377 312 2429 Ergo
338 2377 372 2416 si
397 2376 511 2415 illam
535 2375 808 2415 coniecturam
832 2389 913 2415 non
937 2375 1211 2426 repudiamus,
1236 2370 1283 2414 B'
1303 2377 1376 2414 aut
1401 2375 1484 2414 iam
1502 2377 1593 2414 tum
1611 2375 1789 2425 perierat

203 2439 287 2490 aut,
314 2437 411 2488 quia
435 2450 517 2476 non
540 2436 778 2475 uniuersum
802 2435 1031 2487 Horatium,
1058 2435 1127 2475 sed
1151 2437 1287 2486 partes
1313 2435 1544 2485 complexus
1569 2447 1653 2474 esse
1678 2435 1790 2474 uide—

202 2499 283 2548 tur,
323 2510 404 2536 non
434 2495 582 2536 Horati
622 2496 784 2536 nomine
824 2495 858 2534 is
896 2495 999 2535 liber
1038 2495 1081 2534 in
1120 2494 1316 2547 catalogis
1349 2495 1643 2546 appellabatur.
1705 2494 1789 2534 Nec

202 2557 331 2608 magis
362 2557 405 2596 in
436 2556 622 2608 catalogo
653 2555 844 2596 Bobiensi
875 2568 910 2594 a.
945 2557 1056 2595 1461
1093 2555 1241 2606 scripto
1275 2551 1403 2607 (apud
1434 2555 1480 2594 A.
1513 2555 1691 2605 Peyron,
1724 2553 1787 2593 Ci-

204 2616 356 2656 ceronis
388 2618 429 2655 et
460 2616 634 2656 aliorum
663 2616 807 2668 fragm.
839 2615 978 2655 inedit.
1009 2629 1047 2666 p.
1084 2610 1247 2669 1—68)
1279 2615 1426 2654 Horati
1457 2615 1609 2654 mentio
1640 2615 1698 2653 fit.

321 2688 545 2727 Vniuersus
585 2688 709 2727 codex
748 2690 789 2727 et
830 2687 980 2738 optime
1021 2687 1205 2737 depictus
1246 2688 1288 2726 et
1325 2687 1527 2725 uberrime
1565 2686 1790 2736 descriptus

206 2749 267 2786 est
291 2747 334 2787 in
357 2748 484 2800 libror
504 2748 570 2787 cui
594 2747 846 2787 inscribitur:
877 2743 1049 2786 ecodices
1076 2746 1219 2786 Graeci
1244 2747 1286 2785 et
1309 2746 1448 2784 Latini
1472 2746 1790 2798 photographice

206 2807 355 2857 depicti
391 2807 490 2847 duce
523 2808 694 2847 Scatone
733 2807 781 2846 de
813 2807 930 2846 Vries
966 2806 1233 2846 bibliothecae
1271 2805 1552 2845 uniuersitatis
1582 2806 1790 2845 Leidensis

205 2878 422 2928 praefecto,
452 2880 548 2918 tom.
571 2865 626 2918 H.
690 2878 822 2919 Codex
851 2878 1066 2917 Bernensis
1099 2879 1203 2928 363,
1240 2877 1463 2930 Augustini
1500 2878 1548 2917 de
1579 2877 1791 2917 dialectica

207 2940 248 2978 et
278 2938 477 2977 rhetorica
507 2938 644 2988 libros,
674 2939 807 2978 Bedae
839 2938 1031 2978 historiae
1061 2938 1353 2978 ecclesiasticae
1387 2938 1538 2978 librum
1560 2937 1599 2988 I,
1629 2938 1791 2978 Horatii

1448 3005 1499 3040 b*
