2002 3224
268 166 355 207 208
815 165 1002 202 HORATI
1027 165 1292 202 CARMINVM

552 288 626 316 nec
658 276 790 316 dotata
821 279 924 329 regit
955 279 1086 317 uirum

617 349 789 388 coniunx
821 361 895 388 nec
927 349 1054 389 nitido
1085 349 1172 388 fidit
1203 349 1392 389 adultero.
1793 358 1838 391 20

554 419 625 459 (los
657 424 718 459 est
749 432 889 472 magna
920 422 1145 472 parentium

614 492 743 531 uirtus
776 496 816 531 et
846 495 1029 532 metuens
1060 491 1223 532 alterius
1254 493 1333 532 uiri

557 568 665 602 certo
697 563 855 603 foedere
889 566 1066 618 castitas,

616 640 654 674 et
685 647 852 687 peccare
885 636 995 675 nefas
1027 641 1095 675 aut
1124 637 1298 688 pretium
1330 641 1391 676 est
1421 637 1535 675 mori.

555 719 578 745 o
610 708 792 759 quisquis
824 707 937 747 uolet·
963 708 1105 760 impias
1793 713 1837 746 25

612 777 753 818 caedes
786 782 826 818 et
857 778 1008 818 rabiem
1039 778 1179 818 tollere
1211 780 1399 832 ciuicam,

555 850 590 888 si
623 853 787 901 quaeret
817 846 946 901 ‘pater
977 847 1153 889 urbium'

612 919 813 960 subscribi
845 922 1003 974 statuis,
1036 921 1270 961 indomitam
1301 921 1442 961 audeat

555 992 758 1032 refrenare
790 991 1010 1046 licentiam,

612 1063 742 1103 clarus
774 1066 1029 1116 postgenitis:
1062 1069 1275 1118 quatenus,
1306 1064 1385 1104 heu
1415 1064 1546 1118 nefas,
1793 1071 1840 1104 3ο

555 1136 745 1175 uirtutem
777 1135 1016 1176 incolumem
1049 1136 1223 1190 odimus,

612 1206 807 1246 sublatam
839 1219 887 1246 ex
920 1207 1046 1247 oculis
1079 1209 1324 1261 quaerimus,
1356 1207 1493 1247 inuidi.

553 1279 647 1330 quid
679 1279 815 1318 tristes
848 1280 1136 1332 querimoniae,

387 1381 436 1417 20
451 1393 531 1426 sqq.
577 1381 619 1418 S:
664 1381 786 1418 Plaut.
812 1382 945 1427 Amph.
971 1382 1006 1416 II
1032 1385 1154 1428 2,209
1181 1393 1234 1426 sq.
1250 1384 1379 1416 2839
1393 1393 1468 1426 sq.:
1512 1391 1589 1418 non
1625 1391 1695 1427 ego
1731 1380 1839 1416 illam

266 1429 360 1465 mihi
392 1429 545 1465 dotem
576 1429 671 1464 duco
704 1440 803 1474 esse,
836 1440 934 1474 quae
966 1430 1033 1464 dos
1066 1429 1220 1474 dicitur,
1254 1429 1320 1465 sed
1344 1428 1569 1474 pudicitiam
1594 1429 1633 1465 et
1656 1427 1838 1474 pudorem

268 1479 307 1513 et
333 1477 506 1512 sedatum
533 1476 745 1523 cupidinem
765 1478 776 1523 ΙΙ
802 1477 1001 1523 Hipponax
1026 1477 1071 1513 fr.
1088 1481 1132 1513 72
1158 1476 1246 1523 (nisi
1270 1477 1397 1523 potius
1422 1475 1696 1523 Hippothoon):
1721 1475 1839 1523 γάμος

271 1524 467 1571 κράτιστός
493 1521 591 1560 ἐστιν
616 1524 727 1570 ἀνδρὶ
754 1525 932 1571 σώφρονι,
959 1525 1127 1571 τρόπον
1154 1524 1373 1571 γυναικὸς
1397 1524 1591 1571 χρηστὸν
1617 1522 1729 1560 ἕδνον
1748 1526 1839 1570 λαμ-

269 1573 410 1621 βάνειν.
462 1571 557 1617 αὓτη
585 1571 654 1618 γὰρ
681 1573 703 1618 ἡ
729 1572 864 1617 προὶξ
891 1572 1016 1608 οἰκίαν
1041 1572 1148 1621 σῴζει
1173 1572 1267 1619 μόνη
1287 1574 1300 1619 ΙΙ
1319 1572 1488 1618 Antipat.
1509 1571 1638 1608 Thess.
1653 1575 1698 1607 46
1725 1571 1837 1618 (anal.

266 1621 324 1657 Er:
342 1621 378 1655 Π
399 1621 496 1666 121);
524 1619 571 1664 ἣν
597 1619 632 1655 δ’
652 1621 712 1666 ἵκῃ
740 1619 792 1661 εἰς
817 1618 1010 1667 ὑμέναιον,
1034 1620 1213 1667 Ἀχαιίδος
1238 1620 1339 1664 ἤθεα
1359 1619 1495 1666 μητρὸς
1513 1619 1654 1666 χρηστὰ
1673 1618 1838 1665 φύλασσε

266 1668 371 1704 πόσει
405 1672 575 1714 προῖκα
607 1667 855 1716 βεβαιοτάτην
975 1668 1024 1704 21
1056 1668 1211 1716 [Sergii]
1240 1668 1430 1714 explanat.
1456 1668 1496 1702 in
1521 1668 1709 1703 Donatum
1735 1666 1838 1704 lib.1

266 1728 301 1761 p.
322 1720 391 1752 496
406 1716 468 1751 K:
496 1717 535 1751 et
558 1717 757 1760 parentum
784 1718 822 1751 et
846 1716 1060 1762 parentium
1084 1715 1264 1751 Horatius
1284 1715 1381 1750 dixit
1453 1715 1504 1750 23
1525 1715 1568 1752 S:
1587 1714 1736 1751 Lucr.V
1749 1717 1835 1751 921:

266 1763 417 1800 foedere
443 1765 601 1798 naturae
627 1766 728 1799 certo
755 1763 973 1799 discrimina
999 1766 1152 1799 seruant
1174 1765 1187 1810 u
1215 1763 1325 1809 Verg.
1339 1763 1431 1798 Aen.
1451 1763 1468 1797 I
1489 1766 1533 1797 62
1559 1765 1598 1798 et
1625 1763 1721 1798 Pers.
1743 1765 1775 1807 6,
1790 1764 1836 1796 45

267 1814 305 1846 et
331 1811 395 1848 Sil.
414 1811 520 1846 XIIII
539 1814 619 1847 346.
646 1811 714 1847 XV
735 1815 778 1846 75
805 1813 845 1847 et
868 1812 998 1848 Manil.
1018 1812 1090 1846 IIII
1109 1815 1196 1846 839:
1221 1811 1372 1846 foedere
1397 1812 1499 1845 certo
1606 1808 1657 1844 24
1683 1809 1726 1846 S:
1752 1809 1836 1844 Sen.

267 1859 375 1895 Herc.
397 1858 477 1894 Oet.
495 1862 604 1894 1336:
631 1861 788 1904 pensate
813 1859 966 1903 merita3
993 1870 1108 1894 mors
1136 1858 1226 1893 erit
1250 1857 1448 1903 pretium
1474 1855 1642 1892 omnium
1719 1855 1771 1891 26
1791 1855 1840 1893 Sz‘

267 1907 364 1942 Flor.
378 1907 413 1941 II
427 1911 447 1941 9
463 1907 659 1952 (11121)‚5:
680 1907 813 1942 ultimo
832 1918 908 1942 non
927 1906 1086 1941 eiuioam
1106 1906 1228 1950 modo,
1250 1905 1316 1939 sed
1335 1904 1511 1940 hostilem
1530 1913 1678 1949 quoque
1691 1903 1836 1939 rabiem

267 1965 549 2000 supergressum
669 1954 718 1989 31
741 1966 794 1999 sq.
821 1956 863 1990 T:
898 1954 1012 1989 schol.
1038 1967 1059 2000 γ
1092 1952 1201 1998 epist.
1221 1952 1256 1986 II
1284 1956 1315 1998 1,
1332 1956 1373 1987 11
1435 1952 1478 1988 S:
1509 1953 1608 1997 poet.
1642 1950 1745 1997 apud
1777 1951 1837 1986 ΒΥ.

267 2002 366 2038 anal.
386 2002 403 2036 I
428 2014 464 2060 p.
485 2005 548 2037 61:
582 2001 700 2036 δεινοὶ
733 2001 803 2047 ’γὰρ
830 2001 941 2046 ἀνδρὶ
965 2000 1104 2041 πάντες
1130 1997 1239 2047 ἐσμὲν
1269 2001 1414 2035 εὐκλεεῑ
1443 2001 1550 2042 ζῶντι
1581 2000 1837 2045 φθονῆσαι,

270 2051 514 2085 κατθανοντα
541 2047 577 2083 δ’
596 2047 745 2084 αἰνέσαι

387 2160 1203 2209 52:A‘(Aa)BOF(‹p1p)R732'(tz)ma]
1308 2161 1358 2196 19
1384 2160 1526 2196 dodata
1550 2173 1570 2195 τ
1667 2159 1718 2196 20
1745 2159 1838 2196 Con-

265 2214 330 2250 iux
355 2215 392 2250 R
406 2227 466 2261 pr.
481 2227 509 2249 π
523 2227 583 2260 pr.
599 2222 629 2260 ψ
703 2214 871 2251 Coniunx
896 2220 974 2251 cett.
989 2216 1026 2251 R
1046 2227 1136 2252 corr.
1153 2228 1180 2250 π
1195 2226 1286 2251 corr.
1406 2213 1530 2249 nitida
1558 2215 1570 2249 l
1597 2218 1682 2250 ante
1705 2225 1778 2251 ras.
1805 2218 1839 2251 et

265 2279 356 2304 corr.
383 2273 426 2304 ut
449 2269 526 2304 uid.
626 2268 800 2304 adultera.
825 2279 868 2304 nl
895 2274 962 2305 aut
980 2281 1040 2315 pr.
1165 2269 1212 2303 21
1239 2267 1469 2314 parentium]
1495 2268 1695 2312 parentum
1719 2267 1838 2303 A'R2

267 2321 413 2358 322'vu
509 2333 545 2359 u.
568 2321 617 2356 22
645 2333 712 2358 om.
732 2323 769 2357 B
866 2322 917 2358 23
942 2322 1070 2371 federe
1096 2323 1132 2358 A
1175 2322 1301 2357 federe
1327 2323 1391 2357 liu
1482 2320 1532 2356 24
1557 2320 1724 2371 precium
1748 2327 1838 2366 τψα

266 2374 394 2420 poium
418 2377 438 2410 λ
560 2375 609 2410 25
638 2376 745 2410 ‘Non
775 2377 877 2411 recte
909 2387 932 2410 a
965 2376 1154 2422 superiore
1185 2374 1263 2422 ᾠδῇ
1295 2375 1388 2409 haec
1415 2376 1592 2420 separata
1617 2377 1721 2420 sunt,
1753 2385 1837 2410 cum

267 2429 355 2464 inde
381 2429 574 2474 pendeant
600 2430 639 2464 et
663 2428 739 2464 illis
767 2430 913 2464 adnexa
940 2429 1029 2465 sint’
1058 2430 1192 2474 Porph.
1285 2428 1414 2472 quisq3
1439 2441 1461 2473 γ
1510 2426 1594 2472 quis
1620 2427 1705 2472 quis
1730 2427 1771 2463 F
1774 2427 1838 2464 λά

265 2494 340 2518 ‘non
356 2482 450 2528 Pph.
466 2483 662 2519 Pseudacr.
715 2482 861 2528 ·inpias
882 2485 900 2518 λ
914 2483 1006 2529 Pph.
1083 2482 1132 2517 26
1154 2482 1270 2517 Cedes
1285 2481 1382 2516 Αλιι
1455 2483 1520 2516 aut
1542 2481 1677 2517 Ὲδπα
1701 2482 1741 2516 et
1758 2486 1836 2518 cett.

315 2536 364 2572 27
388 2536 825 2581 quaeretBRyaleh.
860 2536 1180 2581 queretAGZvue
1215 2534 1339 2583 querit
1353 2536 1486 2580 32q>w2
1518 2533 1642 2578 querit
1655 2535 1835 2580 διπψιαιι

316 2590 366 2625 28
393 2589 607 2634 Subscripsi
634 2590 665 2625 Ο
733 2589 886 2638 statuis]
913 2589 1005 2625 stati
1029 2601 1073 2625 us
1098 2590 1151 2624 A1
1243 2587 1294 2623 29
1320 2587 1479 2623 licencia
1506 2587 1536 2622 (J
1610 2599 1675 2624 uu.
1695 2587 1835 2624 30-64

266 2645 369 2680 omis.
396 2644 449 2688 B;
477 2642 1251 2690 «ΩΞΑ’(Αα)οΕ(φψ)1ἶγὸλ’(λῑ)πτα]
1354 2641 1404 2677 30
1429 2640 1655 2686 postgenitis
1681 2642 1834 2679 editores

261 2698 438 2743 plerique,
464 2698 626 2733 codicum
640 2708 732 2743 pars
756 2699 843 2742 post
861 2708 956 2742 gen,
978 2695 1201 2743 postgenitis
1221 2695 1258 2731 R
1279 2693 1304 2741 p
1326 2694 1465 2738 genitis
1493 2695 1525 2731 Ο
1592 2696 1777 2739 quatenus
1799 2698 1834 2731 Ω

266 2751 372 2786 schol.
387 2751 546 2796 yprh.
573 2750 751 2795 quatinus
772 2761 793 2788 ς
874 2750 924 2786 31
950 2750 1164 2786 incolumen
1181 2757 1212 2794 ψ
1246 2748 1471 2783 incolumem
1495 2752 1573 2784 cett.
1611 2747 1834 2785 incolomem

268 2804 438 2849 eschom
453 2805 554 2850 epist.
647 2804 696 2839 32
723 2804 862 2839 occulis
887 2809 1017 2849 ψαηΐε
1028 2815 1100 2840 ras.
1192 2802 1381 2847 querimus
1409 2802 1542 2848 GRyu
1637 2802 1688 2838 33
1713 2802 1834 2840 tristis

234 2877 236 2879 -
267 2856 321 2891 R1
394 2856 651 2900 querimoniae
676 2858 838 2893 anau
875 2856 1153 2902 quaerimoniae
1172 2856 1412 2903 AORyz'uu
1427 2857 1519 2903 Pph.
1570 2856 1834 2901 queremonias

268 2934 353 2973 φψ2
403 2914 637 2974 (Ῑιιεενίηιοῇω
664 2930 687 2963 δ
