<?xml version="1.0" encoding="UTF-8"?>
<!DOCTYPE html PUBLIC "-//W3C//DTD XHTML 1.0 Transitional//EN"
    "http://www.w3.org/TR/xhtml1/DTD/xhtml1-transitional.dtd">
<html xmlns="http://www.w3.org/1999/xhtml" xml:lang="en" lang="en">
 <head>
  <title>
</title>
<meta http-equiv="Content-Type" content="text/html;charset=utf-8" />
  <meta name='ocr-system' content='tesseract 3.04.00' />
  <meta name='ocr-capabilities' content='ocr_page ocr_carea ocr_par ocr_line ocrx_word'/>
</head>
<body>
  <div class='ocr_page' id='page_1' title='image "./operahora01horauoft_0357.png"; bbox 0 0 2002 3224; ppageno 0'>
   <div class='ocr_carea' id='block_1_1' title="bbox 847 163 1771 206">
    <p class='ocr_par' dir='ltr' id='par_1_1' title="bbox 847 163 1771 206">
     <span class='ocr_line' id='line_1_1' title="bbox 847 163 1771 206; baseline 0.006 -6"><span class='ocrx_word' id='word_1_1' title='bbox 847 164 938 201; x_wconf 89' lang='lat' dir='ltr'>LIB.</span> <span class='ocrx_word' id='word_1_2' title='bbox 963 163 1045 201; x_wconf 92' lang='lat' dir='ltr'>IIII.</span> <span class='ocrx_word' id='word_1_3' title='bbox 1070 169 1103 201; x_wconf 91' lang='lat'>4.</span> <span class='ocrx_word' id='word_1_4' title='bbox 1684 164 1771 206; x_wconf 83' lang='grc'><strong>245</strong></span> 
     </span>
    </p>
   </div>
   <div class='ocr_carea' id='block_1_2' title="bbox 471 276 1770 1194">
    <p class='ocr_par' dir='ltr' id='par_1_2' title="bbox 471 276 1770 1194">
     <span class='ocr_line' id='line_1_2' title="bbox 477 276 1195 330; baseline 0 -13"><span class='ocrx_word' id='word_1_5' title='bbox 477 277 589 317; x_wconf 88' lang='lat' dir='ltr'>dirus</span> <span class='ocrx_word' id='word_1_6' title='bbox 621 289 695 330; x_wconf 85' lang='lat' dir='ltr'>per</span> <span class='ocrx_word' id='word_1_7' title='bbox 725 277 847 318; x_wconf 88' lang='lat' dir='ltr'>urbes</span> <span class='ocrx_word' id='word_1_8' title='bbox 878 276 972 318; x_wconf 83' lang='lat' dir='ltr'>Afer</span> <span class='ocrx_word' id='word_1_9' title='bbox 1003 282 1048 318; x_wconf 92' lang='lat' dir='ltr'>ut</span> <span class='ocrx_word' id='word_1_10' title='bbox 1078 277 1195 317; x_wconf 89' lang='lat' dir='ltr'>Italas</span> 
     </span>
     <span class='ocr_line' id='line_1_3' title="bbox 537 349 1328 403; baseline 0 -14"><span class='ocrx_word' id='word_1_11' title='bbox 537 362 610 390; x_wconf 86' lang='lat' dir='ltr'>eeu</span> <span class='ocrx_word' id='word_1_12' title='bbox 641 350 798 390; x_wconf 86' lang='lat' dir='ltr'>flamma</span> <span class='ocrx_word' id='word_1_13' title='bbox 829 362 902 403; x_wconf 89' lang='lat' dir='ltr'>per</span> <span class='ocrx_word' id='word_1_14' title='bbox 933 349 1069 390; x_wconf 87' lang='lat' dir='ltr'>taedas</span> <span class='ocrx_word' id='word_1_15' title='bbox 1100 349 1166 390; x_wconf 93' lang='lat' dir='ltr'>uel</span> <span class='ocrx_word' id='word_1_16' title='bbox 1197 349 1328 390; x_wconf 86' lang='lat' dir='ltr'>Eurus</span> 
     </span>
     <span class='ocr_line' id='line_1_4' title="bbox 596 421 1252 474; baseline 0 -13"><span class='ocrx_word' id='word_1_17' title='bbox 596 434 669 474; x_wconf 88' lang='lat' dir='ltr'>per</span> <span class='ocrx_word' id='word_1_18' title='bbox 701 421 855 462; x_wconf 88' lang='lat' dir='ltr'>Siculas</span> <span class='ocrx_word' id='word_1_19' title='bbox 888 422 1083 474; x_wconf 87' lang='lat' dir='ltr'>equitauit</span> <span class='ocrx_word' id='word_1_20' title='bbox 1114 421 1252 462; x_wconf 85' lang='lat' dir='ltr'>undas.</span> 
     </span>
     <span class='ocr_line' id='line_1_5' title="bbox 475 493 1770 547; baseline -0.003 -13"><span class='ocrx_word' id='word_1_21' title='bbox 475 499 566 547; x_wconf 90' lang='lat' dir='ltr'>post</span> <span class='ocrx_word' id='word_1_22' title='bbox 596 494 671 534; x_wconf 88' lang='lat' dir='ltr'>hoc</span> <span class='ocrx_word' id='word_1_23' title='bbox 704 493 891 534; x_wconf 85' lang='lat' dir='ltr'>secundis</span> <span class='ocrx_word' id='word_1_24' title='bbox 922 506 1051 547; x_wconf 88' lang='lat' dir='ltr'>usque</span> <span class='ocrx_word' id='word_1_25' title='bbox 1087 493 1290 534; x_wconf 79' lang='lat' dir='ltr'>laboribus</span> <span class='ocrx_word' id='word_1_26' title='bbox 1724 499 1770 531; x_wconf 85' lang='lat'>45</span> 
     </span>
     <span class='ocr_line' id='line_1_6' title="bbox 475 565 1218 619; baseline -0.001 -13"><span class='ocrx_word' id='word_1_27' title='bbox 475 566 649 606; x_wconf 89' lang='lat' dir='ltr'>Romana</span> <span class='ocrx_word' id='word_1_28' title='bbox 681 565 809 619; x_wconf 85' lang='lat' dir='ltr'>pubes</span> <span class='ocrx_word' id='word_1_29' title='bbox 842 567 991 619; x_wconf 83' lang='lat' dir='ltr'>creuit,</span> <span class='ocrx_word' id='word_1_30' title='bbox 1023 570 1063 606; x_wconf 85' lang='lat' dir='ltr'>et</span> <span class='ocrx_word' id='word_1_31' title='bbox 1093 567 1218 619; x_wconf 92' lang='lat' dir='ltr'>impio</span> 
     </span>
     <span class='ocr_line' id='line_1_7' title="bbox 534 636 1150 678; baseline -0.002 0"><span class='ocrx_word' id='word_1_32' title='bbox 534 642 688 678; x_wconf 86' lang='lat' dir='ltr'>uastata</span> <span class='ocrx_word' id='word_1_33' title='bbox 718 637 944 678; x_wconf 88' lang='lat' dir='ltr'>Poenorum</span> <span class='ocrx_word' id='word_1_34' title='bbox 975 636 1150 678; x_wconf 83' lang='lat' dir='ltr'>tumultu</span> 
     </span>
     <span class='ocr_line' id='line_1_8' title="bbox 593 709 1202 762; baseline 0 -12"><span class='ocrx_word' id='word_1_35' title='bbox 593 710 683 750; x_wconf 85' lang='lat' dir='ltr'>fana</span> <span class='ocrx_word' id='word_1_36' title='bbox 715 710 811 750; x_wconf 90' lang='lat' dir='ltr'>deos</span> <span class='ocrx_word' id='word_1_37' title='bbox 842 709 1019 750; x_wconf 81' lang='lat' dir='ltr'>habuere</span> <span class='ocrx_word' id='word_1_38' title='bbox 1052 714 1202 762; x_wconf 61' lang='lat' dir='ltr'>metm,</span> 
     </span>
     <span class='ocr_line' id='line_1_9' title="bbox 474 781 1301 835; baseline -0.001 -13"><span class='ocrx_word' id='word_1_39' title='bbox 474 783 653 835; x_wconf 86' lang='lat' dir='ltr'>dixitque</span> <span class='ocrx_word' id='word_1_40' title='bbox 685 782 846 823; x_wconf 88' lang='lat' dir='ltr'>tandem</span> <span class='ocrx_word' id='word_1_41' title='bbox 876 781 1055 835; x_wconf 87' lang='lat' dir='ltr'>perfidus</span> <span class='ocrx_word' id='word_1_42' title='bbox 1086 781 1301 822; x_wconf 81' lang='lat' dir='ltr'>Hannibal:</span> 
     </span>
     <span class='ocr_line' id='line_1_10' title="bbox 472 850 1767 908; baseline -0.002 -14"><span class='ocrx_word' id='word_1_43' title='bbox 472 850 622 908; x_wconf 73' lang='lat' dir='ltr'>‘cm-ui,</span> <span class='ocrx_word' id='word_1_44' title='bbox 654 853 840 907; x_wconf 88' lang='lat' dir='ltr'>luporum</span> <span class='ocrx_word' id='word_1_45' title='bbox 871 853 1019 907; x_wconf 81' lang='lat' dir='ltr'>praeda</span> <span class='ocrx_word' id='word_1_46' title='bbox 1049 854 1272 907; x_wconf 78' lang='lat' dir='ltr'>rapacium,</span> <span class='ocrx_word' id='word_1_47' title='bbox 1722 861 1767 892; x_wconf 86' lang='lat'>50</span> 
     </span>
     <span class='ocr_line' id='line_1_11' title="bbox 533 926 1217 980; baseline -0.001 -13"><span class='ocrx_word' id='word_1_48' title='bbox 533 931 732 967; x_wconf 83' lang='lat' dir='ltr'>sectamur</span> <span class='ocrx_word' id='word_1_49' title='bbox 763 926 887 980; x_wconf 83' lang='lat' dir='ltr'>ultro,</span> <span class='ocrx_word' id='word_1_50' title='bbox 925 938 1025 979; x_wconf 89' lang='lat' dir='ltr'>quos</span> <span class='ocrx_word' id='word_1_51' title='bbox 1058 927 1217 979; x_wconf 88' lang='lat' dir='ltr'>opimus</span> 
     </span>
     <span class='ocr_line' id='line_1_12' title="bbox 592 997 1376 1052; baseline -0.001 -14"><span class='ocrx_word' id='word_1_52' title='bbox 592 998 730 1039; x_wconf 87' lang='lat' dir='ltr'>fallere</span> <span class='ocrx_word' id='word_1_53' title='bbox 762 1003 802 1039; x_wconf 90' lang='lat' dir='ltr'>et</span> <span class='ocrx_word' id='word_1_54' title='bbox 834 999 1009 1052; x_wconf 83' lang='lat' dir='ltr'>effugere</span> <span class='ocrx_word' id='word_1_55' title='bbox 1042 1003 1105 1039; x_wconf 90' lang='lat' dir='ltr'>est</span> <span class='ocrx_word' id='word_1_56' title='bbox 1136 997 1376 1051; x_wconf 88' lang='lat' dir='ltr'>triumphus.</span> 
     </span>
     <span class='ocr_line' id='line_1_13' title="bbox 471 1069 1262 1124; baseline -0.001 -14"><span class='ocrx_word' id='word_1_57' title='bbox 471 1082 587 1124; x_wconf 85' lang='lat' dir='ltr'>gens,</span> <span class='ocrx_word' id='word_1_58' title='bbox 620 1083 720 1123; x_wconf 87' lang='lat' dir='ltr'>quae</span> <span class='ocrx_word' id='word_1_59' title='bbox 753 1075 929 1111; x_wconf 86' lang='lat' dir='ltr'>cremato</span> <span class='ocrx_word' id='word_1_60' title='bbox 962 1071 1077 1110; x_wconf 88' lang='lat' dir='ltr'>fortis</span> <span class='ocrx_word' id='word_1_61' title='bbox 1110 1069 1158 1110; x_wconf 85' lang='lat' dir='ltr'>ab</span> <span class='ocrx_word' id='word_1_62' title='bbox 1190 1069 1262 1110; x_wconf 89' lang='lat' dir='ltr'>Ilio</span> 
     </span>
     <span class='ocr_line' id='line_1_14' title="bbox 471 1141 1205 1194; baseline 0.001 -14"><span class='ocrx_word' id='word_1_63' title='bbox 471 1142 614 1182; x_wconf 83' lang='lat' dir='ltr'>iactata</span> <span class='ocrx_word' id='word_1_64' title='bbox 646 1141 787 1181; x_wconf 86' lang='lat' dir='ltr'>Tuscis</span> <span class='ocrx_word' id='word_1_65' title='bbox 819 1141 1060 1194; x_wconf 87' lang='lat' dir='ltr'>aequoribus</span> <span class='ocrx_word' id='word_1_66' title='bbox 1094 1154 1205 1181; x_wconf 89' lang='lat' dir='ltr'>saera</span> 
     </span>
    </p>
   </div>
   <div class='ocr_carea' id='block_1_3' title="bbox 237 1237 468 1244">
    <p class='ocr_par' dir='ltr' id='par_1_3' title="bbox 237 1237 468 1244">
     <span class='ocr_line' id='line_1_15' title="bbox 237 1237 468 1244; baseline 0 0"><span class='ocrx_word' id='word_1_67' title='bbox 237 1237 468 1244; x_wconf 95' lang='lat' dir='ltr'> </span> 
     </span>
    </p>
   </div>
   <div class='ocr_carea' id='block_1_4' title="bbox 178 1292 1766 2302">
    <p class='ocr_par' dir='ltr' id='par_1_4' title="bbox 178 1292 1766 2302">
     <span class='ocr_line' id='line_1_16' title="bbox 299 1292 1765 1341; baseline -0.002 -8"><span class='ocrx_word' id='word_1_68' title='bbox 299 1295 349 1333; x_wconf 85' lang='lat'>43</span> <span class='ocrx_word' id='word_1_69' title='bbox 364 1307 418 1341; x_wconf 89' lang='lat' dir='ltr'>sq.</span> <span class='ocrx_word' id='word_1_70' title='bbox 445 1295 489 1332; x_wconf 84' lang='lat' dir='ltr'>S:</span> <span class='ocrx_word' id='word_1_71' title='bbox 516 1292 602 1330; x_wconf 84' lang='lat' dir='ltr'>Eur.</span> <span class='ocrx_word' id='word_1_72' title='bbox 622 1293 762 1330; x_wconf 89' lang='lat' dir='ltr'>Phoen.</span> <span class='ocrx_word' id='word_1_73' title='bbox 778 1296 847 1329; x_wconf 85' lang='grc'>209</span> <span class='ocrx_word' id='word_1_74' title='bbox 861 1304 960 1339; x_wconf 88' lang='lat' dir='ltr'>sqq.:</span> <span class='ocrx_word' id='word_1_75' title='bbox 986 1292 1219 1339; x_wconf 82' lang='grc' dir='ltr'><strong><em>περιρρύτων</em></strong></span> <span class='ocrx_word' id='word_1_76' title='bbox 1239 1293 1334 1339; x_wconf 81' lang='grc' dir='ltr'><strong><em>ὑπὲρ</em></strong></span> <span class='ocrx_word' id='word_1_77' title='bbox 1356 1293 1600 1340; x_wconf 82' lang='grc' dir='ltr'><strong><em>ἀκαρπίστων</em></strong></span> <span class='ocrx_word' id='word_1_78' title='bbox 1621 1294 1765 1330; x_wconf 81' lang='grc' dir='ltr'><em>πεδίων</em></span> 
     </span>
     <span class='ocr_line' id='line_1_17' title="bbox 182 1337 1765 1390; baseline -0.003 -7"><span class='ocrx_word' id='word_1_79' title='bbox 182 1346 359 1386; x_wconf 78' lang='grc' dir='ltr'><strong><em>Σικελίας</em></strong></span> <span class='ocrx_word' id='word_1_80' title='bbox 376 1343 548 1390; x_wconf 77' lang='grc' dir='ltr'><strong>Ζεφύρου</strong></span> <span class='ocrx_word' id='word_1_81' title='bbox 567 1346 704 1383; x_wconf 82' lang='grc' dir='ltr'><strong><em>πνοαῖς</em></strong></span> <span class='ocrx_word' id='word_1_82' title='bbox 724 1339 1033 1383; x_wconf 80' lang='grc' dir='ltr'><strong><em>ἷππεύσαντος</em></strong></span> <span class='ocrx_word' id='word_1_83' title='bbox 1054 1337 1096 1378; x_wconf 80' lang='grc' dir='ltr'><strong><em>ἐν</em></strong></span> <span class='ocrx_word' id='word_1_84' title='bbox 1116 1341 1287 1390; x_wconf 43' lang='grc' dir='ltr'>οὐρανῷςι</span> <span class='ocrx_word' id='word_1_85' title='bbox 1301 1341 1384 1379; x_wconf 79' lang='lat' dir='ltr'>Son.</span> <span class='ocrx_word' id='word_1_86' title='bbox 1399 1341 1765 1379; x_wconf 74' lang='lat' dir='ltr'>Phaedr.737—7402</span> 
     </span>
     <span class='ocr_line' id='line_1_18' title="bbox 182 1388 1765 1437; baseline -0.003 -6"><span class='ocrx_word' id='word_1_87' title='bbox 182 1393 286 1431; x_wconf 83' lang='lat' dir='ltr'>ocior</span> <span class='ocrx_word' id='word_1_88' title='bbox 309 1392 429 1429; x_wconf 90' lang='lat' dir='ltr'>nubes</span> <span class='ocrx_word' id='word_1_89' title='bbox 455 1390 690 1437; x_wconf 84' lang='lat' dir='ltr'>glomerante</span> <span class='ocrx_word' id='word_1_90' title='bbox 714 1388 819 1435; x_wconf 89' lang='lat' dir='ltr'>Coro,</span> <span class='ocrx_word' id='word_1_91' title='bbox 846 1388 949 1425; x_wconf 84' lang='lat' dir='ltr'>ocior</span> <span class='ocrx_word' id='word_1_92' title='bbox 974 1400 1124 1425; x_wconf 84' lang='lat' dir='ltr'>cursum</span> <span class='ocrx_word' id='word_1_93' title='bbox 1148 1388 1323 1436; x_wconf 84' lang='lat' dir='ltr'>rapiente</span> <span class='ocrx_word' id='word_1_94' title='bbox 1348 1389 1513 1433; x_wconf 79' lang='lat' dir='ltr'>flamma,</span> <span class='ocrx_word' id='word_1_95' title='bbox 1541 1390 1654 1426; x_wconf 88' lang='lat' dir='ltr'>stella</span> <span class='ocrx_word' id='word_1_96' title='bbox 1680 1402 1765 1426; x_wconf 86' lang='lat' dir='ltr'>cum</span> 
     </span>
     <span class='ocr_line' id='line_1_19' title="bbox 182 1436 1766 1486; baseline -0.003 -7"><span class='ocrx_word' id='word_1_97' title='bbox 182 1441 307 1478; x_wconf 89' lang='lat' dir='ltr'>uentis</span> <span class='ocrx_word' id='word_1_98' title='bbox 333 1439 483 1486; x_wconf 85' lang='lat' dir='ltr'>agitata</span> <span class='ocrx_word' id='word_1_99' title='bbox 507 1438 642 1483; x_wconf 89' lang='lat' dir='ltr'>longos</span> <span class='ocrx_word' id='word_1_100' title='bbox 667 1437 829 1484; x_wconf 87' lang='lat' dir='ltr'>porrigit</span> <span class='ocrx_word' id='word_1_101' title='bbox 852 1436 961 1483; x_wconf 84' lang='lat' dir='ltr'>ignes</span> <span class='ocrx_word' id='word_1_102' title='bbox 1004 1439 1016 1484; x_wconf 83' lang='grc' dir='ltr'>ΙΙ</span> <span class='ocrx_word' id='word_1_103' title='bbox 1058 1437 1218 1475; x_wconf 87' lang='lat' dir='ltr'>Phaedr.</span> <span class='ocrx_word' id='word_1_104' title='bbox 1240 1441 1495 1475; x_wconf 79' lang='lat'>1011—1013:</span> <span class='ocrx_word' id='word_1_105' title='bbox 1532 1449 1608 1474; x_wconf 90' lang='lat' dir='ltr'>non</span> <span class='ocrx_word' id='word_1_106' title='bbox 1633 1440 1766 1475; x_wconf 84' lang='lat' dir='ltr'>tantus</span> 
     </span>
     <span class='ocr_line' id='line_1_20' title="bbox 182 1485 1765 1569; baseline -0.003 -43"><span class='ocrx_word' id='word_1_107' title='bbox 182 1491 321 1527; x_wconf 84' lang='lat' dir='ltr'>Auster</span> <span class='ocrx_word' id='word_1_108' title='bbox 340 1487 468 1524; x_wconf 84' lang='lat' dir='ltr'>Sicula</span> <span class='ocrx_word' id='word_1_109' title='bbox 493 1485 685 1521; x_wconf 79' lang='lat' dir='ltr'>disturbat</span> <span class='ocrx_word' id='word_1_110' title='bbox 709 1485 808 1522; x_wconf 86' lang='lat' dir='ltr'>freta</span> <span class='ocrx_word' id='word_1_111' title='bbox 833 1496 900 1521; x_wconf 85' lang='lat' dir='ltr'>nee</span> <span class='ocrx_word' id='word_1_112' title='bbox 926 1487 1006 1521; x_wconf 87' lang='lat' dir='ltr'>tam</span> <span class='ocrx_word' id='word_1_113' title='bbox 1030 1485 1172 1522; x_wconf 87' lang='lat' dir='ltr'>furenti</span> <span class='ocrx_word' id='word_1_114' title='bbox 1198 1485 1261 1569; x_wconf 36' lang='lat' dir='ltr'>gal.</span> <span class='ocrx_word' id='word_1_115' title='bbox 1283 1486 1426 1533; x_wconf 87' lang='lat' dir='ltr'>furens)</span> <span class='ocrx_word' id='word_1_116' title='bbox 1451 1486 1595 1523; x_wconf 85' lang='lat' dir='ltr'>Pontus</span> <span class='ocrx_word' id='word_1_117' title='bbox 1622 1486 1687 1533; x_wconf 88' lang='lat' dir='ltr'>(al.</span> <span class='ocrx_word' id='word_1_118' title='bbox 1708 1487 1765 1523; x_wconf 95' lang='lat' dir='ltr'>Io-</span> 
     </span>
     <span class='ocr_line' id='line_1_21' title="bbox 181 1532 1765 1583; baseline -0.003 -9"><span class='ocrx_word' id='word_1_119' title='bbox 181 1537 283 1583; x_wconf 82' lang='lat' dir='ltr'>nius)</span> <span class='ocrx_word' id='word_1_120' title='bbox 309 1534 478 1582; x_wconf 79' lang='lat' dir='ltr'>exsurgit</span> <span class='ocrx_word' id='word_1_121' title='bbox 503 1533 588 1569; x_wconf 91' lang='lat' dir='ltr'>sinu</span> <span class='ocrx_word' id='word_1_122' title='bbox 612 1533 677 1580; x_wconf 88' lang='lat' dir='ltr'>(al.</span> <span class='ocrx_word' id='word_1_123' title='bbox 698 1532 817 1577; x_wconf 86' lang='lat' dir='ltr'>sinus)</span> <span class='ocrx_word' id='word_1_124' title='bbox 843 1534 1026 1579; x_wconf 85' lang='lat' dir='ltr'>regnante</span> <span class='ocrx_word' id='word_1_125' title='bbox 1053 1533 1146 1570; x_wconf 84' lang='lat' dir='ltr'>Coro</span> <span class='ocrx_word' id='word_1_126' title='bbox 1166 1535 1179 1580; x_wconf 79' lang='lat' dir='ltr'>ss</span> <span class='ocrx_word' id='word_1_127' title='bbox 1234 1545 1311 1579; x_wconf 87' lang='lat' dir='ltr'>erg.</span> <span class='ocrx_word' id='word_1_128' title='bbox 1331 1535 1423 1571; x_wconf 90' lang='lat' dir='ltr'>Aen.</span> <span class='ocrx_word' id='word_1_129' title='bbox 1446 1535 1480 1570; x_wconf 97' lang='lat' dir='ltr'>II</span> <span class='ocrx_word' id='word_1_130' title='bbox 1500 1538 1570 1570; x_wconf 81' lang='lat'>417</span> <span class='ocrx_word' id='word_1_131' title='bbox 1586 1546 1657 1580; x_wconf 83' lang='lat' dir='ltr'>sq.:</span> <span class='ocrx_word' id='word_1_132' title='bbox 1687 1534 1765 1570; x_wconf 86' lang='lat' dir='ltr'>lae-</span> 
     </span>
     <span class='ocr_line' id='line_1_22' title="bbox 180 1580 1762 1630; baseline -0.002 -8"><span class='ocrx_word' id='word_1_133' title='bbox 180 1588 243 1622; x_wconf 90' lang='lat' dir='ltr'>tus</span> <span class='ocrx_word' id='word_1_134' title='bbox 268 1583 358 1621; x_wconf 86' lang='lat' dir='ltr'>Eois</span> <span class='ocrx_word' id='word_1_135' title='bbox 386 1585 506 1619; x_wconf 84' lang='lat' dir='ltr'>Eurus</span> <span class='ocrx_word' id='word_1_136' title='bbox 531 1581 638 1627; x_wconf 88' lang='lat' dir='ltr'>equis</span> <span class='ocrx_word' id='word_1_137' title='bbox 737 1580 787 1618; x_wconf 86' lang='lat'>45</span> <span class='ocrx_word' id='word_1_138' title='bbox 803 1593 857 1627; x_wconf 91' lang='lat' dir='ltr'>sq.</span> <span class='ocrx_word' id='word_1_139' title='bbox 885 1580 1079 1617; x_wconf 85' lang='lat' dir='ltr'>laboribus</span> <span class='ocrx_word' id='word_1_140' title='bbox 1100 1610 1107 1619; x_wconf 95' lang='lat'>.</span> <span class='ocrx_word' id='word_1_141' title='bbox 1125 1610 1156 1619; x_wconf 93' lang='lat'>..</span> <span class='ocrx_word' id='word_1_142' title='bbox 1178 1581 1314 1630; x_wconf 86' lang='lat' dir='ltr'>creuit]</span> <span class='ocrx_word' id='word_1_143' title='bbox 1341 1583 1385 1620; x_wconf 88' lang='lat' dir='ltr'>S:</span> <span class='ocrx_word' id='word_1_144' title='bbox 1412 1583 1497 1619; x_wconf 87' lang='lat' dir='ltr'>Eur.</span> <span class='ocrx_word' id='word_1_145' title='bbox 1519 1582 1677 1629; x_wconf 80' lang='lat' dir='ltr'>supplic.</span> <span class='ocrx_word' id='word_1_146' title='bbox 1693 1586 1762 1619; x_wconf 81' lang='lat'>323</span> 
     </span>
     <span class='ocr_line' id='line_1_23' title="bbox 183 1627 1764 1680; baseline -0.002 -10"><span class='ocrx_word' id='word_1_147' title='bbox 183 1633 242 1680; x_wconf 85' lang='grc' dir='ltr'>(σὴ</span> <span class='ocrx_word' id='word_1_148' title='bbox 267 1631 432 1679; x_wconf 80' lang='grc' dir='ltr'>πατρὶς);</span> <span class='ocrx_word' id='word_1_149' title='bbox 461 1627 502 1667; x_wconf 79' lang='grc' dir='ltr'><strong><em>ἐν</em></strong></span> <span class='ocrx_word' id='word_1_150' title='bbox 599 1634 676 1671; x_wconf 85' lang='grc' dir='ltr'><strong><em>τοῖς</em></strong></span> <span class='ocrx_word' id='word_1_151' title='bbox 701 1629 874 1665; x_wconf 84' lang='grc' dir='ltr'><em>πόνοισιν</em></span> <span class='ocrx_word' id='word_1_152' title='bbox 900 1628 1056 1674; x_wconf 80' lang='grc' dir='ltr'>αὔξεται</span> <span class='ocrx_word' id='word_1_153' title='bbox 1200 1628 1252 1666; x_wconf 82' lang='grc'><strong>46</strong></span> <span class='ocrx_word' id='word_1_154' title='bbox 1278 1630 1321 1667; x_wconf 78' lang='lat' dir='ltr'>S:</span> <span class='ocrx_word' id='word_1_155' title='bbox 1348 1630 1429 1666; x_wconf 86' lang='lat' dir='ltr'>Tib.</span> <span class='ocrx_word' id='word_1_156' title='bbox 1457 1631 1474 1666; x_wconf 89' lang='grc' dir='ltr'><strong>Ι</strong></span> <span class='ocrx_word' id='word_1_157' title='bbox 1502 1634 1533 1677; x_wconf 79' lang='grc'>7,</span> <span class='ocrx_word' id='word_1_158' title='bbox 1550 1634 1589 1667; x_wconf 88' lang='lat'>5:</span> <span class='ocrx_word' id='word_1_159' title='bbox 1620 1631 1764 1677; x_wconf 84' lang='lat' dir='ltr'>pubes</span> 
     </span>
     <span class='ocr_line' id='line_1_24' title="bbox 181 1677 1759 1726; baseline -0.002 -8"><span class='ocrx_word' id='word_1_160' title='bbox 181 1682 382 1718; x_wconf 83' lang='lat' dir='ltr'>Romana</span> <span class='ocrx_word' id='word_1_161' title='bbox 419 1681 431 1726; x_wconf 78' lang='grc' dir='ltr'>ΙΙ</span> <span class='ocrx_word' id='word_1_162' title='bbox 468 1677 599 1714; x_wconf 91' lang='lat' dir='ltr'>Auien.</span> <span class='ocrx_word' id='word_1_163' title='bbox 626 1678 704 1714; x_wconf 92' lang='lat' dir='ltr'>orb.</span> <span class='ocrx_word' id='word_1_164' title='bbox 724 1679 812 1714; x_wconf 85' lang='lat' dir='ltr'>terr.</span> <span class='ocrx_word' id='word_1_165' title='bbox 833 1681 920 1714; x_wconf 87' lang='lat'>310:</span> <span class='ocrx_word' id='word_1_166' title='bbox 946 1677 1110 1723; x_wconf 90' lang='lat' dir='ltr'>pubem</span> <span class='ocrx_word' id='word_1_167' title='bbox 1135 1677 1287 1714; x_wconf 83' lang='lat' dir='ltr'>Latiam</span> <span class='ocrx_word' id='word_1_168' title='bbox 1384 1677 1435 1714; x_wconf 82' lang='grc'><strong>49</strong></span> <span class='ocrx_word' id='word_1_169' title='bbox 1463 1679 1506 1716; x_wconf 85' lang='lat' dir='ltr'>S:</span> <span class='ocrx_word' id='word_1_170' title='bbox 1533 1678 1622 1715; x_wconf 90' lang='lat' dir='ltr'>Aus.</span> <span class='ocrx_word' id='word_1_171' title='bbox 1650 1678 1759 1725; x_wconf 84' lang='lat' dir='ltr'>epist.</span> 
     </span>
     <span class='ocr_line' id='line_1_25' title="bbox 181 1724 1763 1776; baseline -0.001 -10"><span class='ocrx_word' id='word_1_172' title='bbox 181 1733 239 1776; x_wconf 82' lang='lat'>25,</span> <span class='ocrx_word' id='word_1_173' title='bbox 253 1733 300 1765; x_wconf 81' lang='lat'>24</span> <span class='ocrx_word' id='word_1_174' title='bbox 324 1729 395 1775; x_wconf 76' lang='lat'>(24,</span> <span class='ocrx_word' id='word_1_175' title='bbox 410 1730 457 1763; x_wconf 81' lang='lat'>54</span> <span class='ocrx_word' id='word_1_176' title='bbox 471 1726 588 1772; x_wconf 81' lang='lat' dir='ltr'>Sch.):</span> <span class='ocrx_word' id='word_1_177' title='bbox 614 1724 822 1771; x_wconf 90' lang='lat' dir='ltr'>perfidus</span> <span class='ocrx_word' id='word_1_178' title='bbox 849 1725 1084 1761; x_wconf 84' lang='lat' dir='ltr'>Hannibal</span> <span class='ocrx_word' id='word_1_179' title='bbox 1102 1726 1115 1772; x_wconf 84' lang='grc' dir='ltr'>ΙΙ</span> <span class='ocrx_word' id='word_1_180' title='bbox 1135 1725 1230 1762; x_wconf 85' lang='lat' dir='ltr'>Stat.</span> <span class='ocrx_word' id='word_1_181' title='bbox 1252 1737 1279 1763; x_wconf 79' lang='lat' dir='ltr'>S.</span> <span class='ocrx_word' id='word_1_182' title='bbox 1301 1725 1370 1762; x_wconf 78' lang='lat' dir='ltr'>IIII</span> <span class='ocrx_word' id='word_1_183' title='bbox 1386 1730 1419 1772; x_wconf 89' lang='grc'>6,</span> <span class='ocrx_word' id='word_1_184' title='bbox 1434 1730 1496 1764; x_wconf 80' lang='lat'>77:</span> <span class='ocrx_word' id='word_1_185' title='bbox 1524 1726 1674 1772; x_wconf 89' lang='lat' dir='ltr'>periuro</span> <span class='ocrx_word' id='word_1_186' title='bbox 1697 1757 1704 1764; x_wconf 93' lang='lat'>.</span> <span class='ocrx_word' id='word_1_187' title='bbox 1721 1756 1728 1764; x_wconf 89' lang='lat'>.</span> <span class='ocrx_word' id='word_1_188' title='bbox 1756 1757 1763 1764; x_wconf 94' lang='lat'>.</span> 
     </span>
     <span class='ocr_line' id='line_1_26' title="bbox 181 1772 1759 1822; baseline -0.001 -9"><span class='ocrx_word' id='word_1_189' title='bbox 181 1788 270 1813; x_wconf 89' lang='lat' dir='ltr'>ense</span> <span class='ocrx_word' id='word_1_190' title='bbox 295 1775 479 1822; x_wconf 86' lang='lat' dir='ltr'>superbus</span> <span class='ocrx_word' id='word_1_191' title='bbox 504 1772 699 1809; x_wconf 82' lang='lat' dir='ltr'>Hannibal</span> <span class='ocrx_word' id='word_1_192' title='bbox 772 1773 823 1810; x_wconf 81' lang='lat'>50</span> <span class='ocrx_word' id='word_1_193' title='bbox 838 1785 919 1819; x_wconf 88' lang='lat' dir='ltr'>sqq.</span> <span class='ocrx_word' id='word_1_194' title='bbox 947 1773 989 1810; x_wconf 88' lang='lat' dir='ltr'>S:</span> <span class='ocrx_word' id='word_1_195' title='bbox 1017 1772 1208 1809; x_wconf 86' lang='lat' dir='ltr'>sententia</span> <span class='ocrx_word' id='word_1_196' title='bbox 1233 1784 1293 1820; x_wconf 89' lang='lat' dir='ltr'>ap.</span> <span class='ocrx_word' id='word_1_197' title='bbox 1315 1774 1380 1810; x_wconf 88' lang='lat' dir='ltr'>Sil.</span> <span class='ocrx_word' id='word_1_198' title='bbox 1401 1774 1453 1809; x_wconf 89' lang='grc' dir='ltr'>ΙΙΙ</span> <span class='ocrx_word' id='word_1_199' title='bbox 1480 1777 1552 1810; x_wconf 88' lang='lat'>584</span> <span class='ocrx_word' id='word_1_200' title='bbox 1565 1786 1640 1820; x_wconf 77' lang='lat' dir='ltr'>sq:</span> <span class='ocrx_word' id='word_1_201' title='bbox 1666 1774 1759 1811; x_wconf 84' lang='lat' dir='ltr'>iam-</span> 
     </span>
     <span class='ocr_line' id='line_1_27' title="bbox 180 1820 1710 1870; baseline -0.001 -10"><span class='ocrx_word' id='word_1_202' title='bbox 180 1836 254 1870; x_wconf 86' lang='lat' dir='ltr'>que</span> <span class='ocrx_word' id='word_1_203' title='bbox 283 1823 358 1859; x_wconf 87' lang='lat' dir='ltr'>tibi</span> <span class='ocrx_word' id='word_1_204' title='bbox 389 1821 517 1859; x_wconf 88' lang='lat' dir='ltr'>ueniet</span> <span class='ocrx_word' id='word_1_205' title='bbox 547 1822 714 1868; x_wconf 88' lang='lat' dir='ltr'>tempus,</span> <span class='ocrx_word' id='word_1_206' title='bbox 747 1832 820 1867; x_wconf 89' lang='lat' dir='ltr'>quo</span> <span class='ocrx_word' id='word_1_207' title='bbox 846 1820 1012 1856; x_wconf 83' lang='lat' dir='ltr'>maxima</span> <span class='ocrx_word' id='word_1_208' title='bbox 1036 1832 1161 1856; x_wconf 88' lang='lat' dir='ltr'>rerum</span> <span class='ocrx_word' id='word_1_209' title='bbox 1186 1821 1351 1858; x_wconf 87' lang='lat' dir='ltr'>nobilior</span> <span class='ocrx_word' id='word_1_210' title='bbox 1377 1821 1428 1858; x_wconf 89' lang='lat' dir='ltr'>sit</span> <span class='ocrx_word' id='word_1_211' title='bbox 1452 1822 1573 1858; x_wconf 84' lang='lat' dir='ltr'>Roma</span> <span class='ocrx_word' id='word_1_212' title='bbox 1598 1822 1710 1858; x_wconf 87' lang='lat' dir='ltr'>malis</span> 
     </span>
     <span class='ocr_line' id='line_1_28' title="bbox 180 1866 1758 1916; baseline -0.001 -6"><span class='ocrx_word' id='word_1_213' title='bbox 180 1873 231 1910; x_wconf 80' lang='lat'>5⁰</span> <span class='ocrx_word' id='word_1_214' title='bbox 257 1872 300 1910; x_wconf 85' lang='lat' dir='ltr'>S:</span> <span class='ocrx_word' id='word_1_215' title='bbox 326 1871 435 1908; x_wconf 87' lang='lat' dir='ltr'>Hom.</span> <span class='ocrx_word' id='word_1_216' title='bbox 460 1870 502 1906; x_wconf 88' lang='lat' dir='ltr'>Il.</span> <span class='ocrx_word' id='word_1_217' title='bbox 525 1869 611 1905; x_wconf 88' lang='lat' dir='ltr'>XIII</span> <span class='ocrx_word' id='word_1_218' title='bbox 630 1873 698 1906; x_wconf 83' lang='lat'>102</span> <span class='ocrx_word' id='word_1_219' title='bbox 716 1881 789 1914; x_wconf 84' lang='lat' dir='ltr'>sq.:</span> <span class='ocrx_word' id='word_1_220' title='bbox 829 1871 1037 1916; x_wconf 79' lang='grc' dir='ltr'><strong><em>φυζακινῇς</em></strong></span> <span class='ocrx_word' id='word_1_221' title='bbox 1075 1866 1248 1916; x_wconf 79' lang='grc' dir='ltr'><em>ἐλάφοισι</em></span> <span class='ocrx_word' id='word_1_222' title='bbox 1286 1867 1478 1915; x_wconf 78' lang='grc' dir='ltr'><strong><em>ἐοίκεσαν,</em></strong></span> <span class='ocrx_word' id='word_1_223' title='bbox 1517 1871 1565 1906; x_wconf 80' lang='grc' dir='ltr'>αἵ</span> <span class='ocrx_word' id='word_1_224' title='bbox 1589 1884 1627 1907; x_wconf 75' lang='grc' dir='ltr'>τε</span> <span class='ocrx_word' id='word_1_225' title='bbox 1661 1870 1758 1908; x_wconf 79' lang='grc' dir='ltr'><strong><em>καθ’</em></strong></span> 
     </span>
     <span class='ocr_line' id='line_1_29' title="bbox 178 1915 1760 1967; baseline -0.001 -9"><span class='ocrx_word' id='word_1_226' title='bbox 178 1920 272 1967; x_wconf 74' lang='grc' dir='ltr'><strong><em>ὕλην</em></strong></span> <span class='ocrx_word' id='word_1_227' title='bbox 296 1919 411 1956; x_wconf 77' lang='grc' dir='ltr'><strong><em>θώων</em></strong></span> <span class='ocrx_word' id='word_1_228' title='bbox 437 1919 657 1963; x_wconf 77' lang='grc' dir='ltr'><strong><em>παρδαλίων</em></strong></span> <span class='ocrx_word' id='word_1_229' title='bbox 681 1931 721 1954; x_wconf 86' lang='grc' dir='ltr'>τε</span> <span class='ocrx_word' id='word_1_230' title='bbox 746 1917 870 1954; x_wconf 80' lang='grc' dir='ltr'><strong><em>λύκων</em></strong></span> <span class='ocrx_word' id='word_1_231' title='bbox 896 1915 928 1953; x_wconf 82' lang='grc' dir='ltr'>τ’</span> <span class='ocrx_word' id='word_1_232' title='bbox 946 1916 1014 1962; x_wconf 84' lang='grc' dir='ltr'>ἤια</span> <span class='ocrx_word' id='word_1_233' title='bbox 1038 1915 1218 1954; x_wconf 83' lang='grc' dir='ltr'><strong><em>πέλονται</em></strong></span> <span class='ocrx_word' id='word_1_234' title='bbox 1294 1917 1447 1956; x_wconf 79' lang='lat'>53—56</span> <span class='ocrx_word' id='word_1_235' title='bbox 1468 1919 1511 1956; x_wconf 88' lang='lat' dir='ltr'>S:</span> <span class='ocrx_word' id='word_1_236' title='bbox 1539 1922 1632 1956; x_wconf 84' lang='lat' dir='ltr'>sent.</span> <span class='ocrx_word' id='word_1_237' title='bbox 1647 1919 1760 1967; x_wconf 88' lang='lat' dir='ltr'>Verg.</span> 
     </span>
     <span class='ocr_line' id='line_1_30' title="bbox 180 1964 1761 2013; baseline -0.001 -8"><span class='ocrx_word' id='word_1_238' title='bbox 180 1969 272 2005; x_wconf 87' lang='lat' dir='ltr'>Aen.</span> <span class='ocrx_word' id='word_1_239' title='bbox 298 1968 314 2002; x_wconf 89' lang='grc' dir='ltr'>Ι</span> <span class='ocrx_word' id='word_1_240' title='bbox 336 1971 378 2003; x_wconf 85' lang='lat'>71</span> <span class='ocrx_word' id='word_1_241' title='bbox 394 1978 470 2012; x_wconf 87' lang='lat' dir='ltr'>sq.:</span> <span class='ocrx_word' id='word_1_242' title='bbox 501 1977 594 2013; x_wconf 90' lang='lat' dir='ltr'>gens</span> <span class='ocrx_word' id='word_1_243' title='bbox 624 1965 781 2002; x_wconf 82' lang='lat' dir='ltr'>inimica</span> <span class='ocrx_word' id='word_1_244' title='bbox 811 1964 906 2000; x_wconf 91' lang='lat' dir='ltr'>mihi</span> <span class='ocrx_word' id='word_1_245' title='bbox 936 1965 1171 2011; x_wconf 83' lang='lat' dir='ltr'>Tyrrhenum</span> <span class='ocrx_word' id='word_1_246' title='bbox 1201 1965 1362 2013; x_wconf 85' lang='lat' dir='ltr'>nauigat</span> <span class='ocrx_word' id='word_1_247' title='bbox 1400 1977 1541 2012; x_wconf 83' lang='lat' dir='ltr'>aequor</span> <span class='ocrx_word' id='word_1_248' title='bbox 1576 1967 1686 2002; x_wconf 84' lang='lat' dir='ltr'>Ilium</span> <span class='ocrx_word' id='word_1_249' title='bbox 1721 1967 1761 2003; x_wconf 88' lang='lat' dir='ltr'>in</span> 
     </span>
     <span class='ocr_line' id='line_1_31' title="bbox 179 2012 1762 2061; baseline -0.001 -8"><span class='ocrx_word' id='word_1_250' title='bbox 179 2015 333 2053; x_wconf 88' lang='lat' dir='ltr'>Italiam</span> <span class='ocrx_word' id='word_1_251' title='bbox 368 2017 525 2061; x_wconf 83' lang='lat' dir='ltr'>portans</span> <span class='ocrx_word' id='word_1_252' title='bbox 562 2013 760 2059; x_wconf 87' lang='lat' dir='ltr'>uictosque</span> <span class='ocrx_word' id='word_1_253' title='bbox 797 2012 951 2050; x_wconf 86' lang='lat' dir='ltr'>Penatis</span> <span class='ocrx_word' id='word_1_254' title='bbox 982 2015 994 2060; x_wconf 80' lang='grc' dir='ltr'>ΙΙ</span> <span class='ocrx_word' id='word_1_255' title='bbox 1031 2013 1066 2049; x_wconf 93' lang='grc' dir='ltr'>ΙΙ</span> <span class='ocrx_word' id='word_1_256' title='bbox 1091 2017 1160 2049; x_wconf 82' lang='grc'>293</span> <span class='ocrx_word' id='word_1_257' title='bbox 1175 2026 1276 2060; x_wconf 85' lang='lat' dir='ltr'>sqq.:</span> <span class='ocrx_word' id='word_1_258' title='bbox 1316 2025 1449 2050; x_wconf 86' lang='lat' dir='ltr'>sacra</span> <span class='ocrx_word' id='word_1_259' title='bbox 1486 2025 1648 2060; x_wconf 70' lang='lat' dir='ltr'>suosque</span> <span class='ocrx_word' id='word_1_260' title='bbox 1689 2015 1762 2052; x_wconf 84' lang='lat' dir='ltr'>tibi</span> 
     </span>
     <span class='ocr_line' id='line_1_32' title="bbox 181 2061 1762 2109; baseline -0.001 -9"><span class='ocrx_word' id='word_1_261' title='bbox 181 2062 423 2100; x_wconf 84' lang='lat' dir='ltr'>commendat</span> <span class='ocrx_word' id='word_1_262' title='bbox 458 2061 572 2098; x_wconf 85' lang='lat' dir='ltr'>Troia</span> <span class='ocrx_word' id='word_1_263' title='bbox 609 2061 780 2099; x_wconf 86' lang='lat' dir='ltr'>Penatis:</span> <span class='ocrx_word' id='word_1_264' title='bbox 819 2061 969 2097; x_wconf 85' lang='lat' dir='ltr'>moenia</span> <span class='ocrx_word' id='word_1_265' title='bbox 1071 2073 1211 2108; x_wconf 82' lang='lat' dir='ltr'>magna</span> <span class='ocrx_word' id='word_1_266' title='bbox 1248 2064 1441 2108; x_wconf 88' lang='lat' dir='ltr'>pererrato</span> <span class='ocrx_word' id='word_1_267' title='bbox 1480 2063 1626 2099; x_wconf 84' lang='lat' dir='ltr'>statues</span> <span class='ocrx_word' id='word_1_268' title='bbox 1664 2075 1762 2109; x_wconf 85' lang='lat' dir='ltr'>quae</span> 
     </span>
     <span class='ocr_line' id='line_1_33' title="bbox 181 2109 1760 2158; baseline 0.001 -11"><span class='ocrx_word' id='word_1_269' title='bbox 181 2111 343 2157; x_wconf 89' lang='lat' dir='ltr'>denique</span> <span class='ocrx_word' id='word_1_270' title='bbox 361 2111 478 2157; x_wconf 88' lang='lat' dir='ltr'>ponto</span> <span class='ocrx_word' id='word_1_271' title='bbox 553 2109 705 2147; x_wconf 81' lang='lat'><strong>53-68</strong></span> <span class='ocrx_word' id='word_1_272' title='bbox 733 2120 779 2146; x_wconf 84' lang='lat' dir='ltr'>ex</span> <span class='ocrx_word' id='word_1_273' title='bbox 798 2109 918 2145; x_wconf 88' lang='lat' dir='ltr'>Ennio</span> <span class='ocrx_word' id='word_1_274' title='bbox 938 2111 1089 2156; x_wconf 81' lang='lat' dir='ltr'>sumpta</span> <span class='ocrx_word' id='word_1_275' title='bbox 1109 2110 1297 2157; x_wconf 84' lang='lat' dir='ltr'>uidentur,</span> <span class='ocrx_word' id='word_1_276' title='bbox 1318 2110 1364 2147; x_wconf 86' lang='lat' dir='ltr'>of.</span> <span class='ocrx_word' id='word_1_277' title='bbox 1379 2110 1460 2147; x_wconf 92' lang='lat' dir='ltr'>Liu.</span> <span class='ocrx_word' id='word_1_278' title='bbox 1473 2110 1651 2147; x_wconf 85' lang='lat' dir='ltr'>XXVIIII</span> <span class='ocrx_word' id='word_1_279' title='bbox 1670 2115 1703 2158; x_wconf 91' lang='lat'>3,</span> <span class='ocrx_word' id='word_1_280' title='bbox 1719 2115 1760 2149; x_wconf 90' lang='lat'>8:</span> 
     </span>
     <span class='ocr_line' id='line_1_34' title="bbox 181 2156 1763 2205; baseline 0 -10"><span class='ocrx_word' id='word_1_281' title='bbox 181 2159 380 2205; x_wconf 87' lang='lat' dir='ltr'>nuntiique</span> <span class='ocrx_word' id='word_1_282' title='bbox 405 2157 547 2204; x_wconf 86' lang='lat' dir='ltr'>trepidi</span> <span class='ocrx_word' id='word_1_283' title='bbox 566 2156 835 2204; x_wconf 83' lang='lat' dir='ltr'>Carthaginem</span> <span class='ocrx_word' id='word_1_284' title='bbox 860 2159 1002 2193; x_wconf 84' lang='lat' dir='ltr'>terrore</span> <span class='ocrx_word' id='word_1_285' title='bbox 1021 2157 1170 2204; x_wconf 86' lang='lat' dir='ltr'>ingenti</span> <span class='ocrx_word' id='word_1_286' title='bbox 1188 2158 1413 2205; x_wconf 88' lang='lat' dir='ltr'>oonpleuere</span> <span class='ocrx_word' id='word_1_287' title='bbox 1453 2163 1514 2195; x_wconf 82' lang='lat'>12:</span> <span class='ocrx_word' id='word_1_288' title='bbox 1529 2158 1607 2195; x_wconf 88' lang='lat' dir='ltr'>illis</span> <span class='ocrx_word' id='word_1_289' title='bbox 1622 2160 1763 2196; x_wconf 88' lang='lat' dir='ltr'>Roma-</span> 
     </span>
     <span class='ocr_line' id='line_1_35' title="bbox 179 2205 1760 2254; baseline -0.001 -11"><span class='ocrx_word' id='word_1_290' title='bbox 179 2219 268 2243; x_wconf 85' lang='lat' dir='ltr'>nam</span> <span class='ocrx_word' id='word_1_291' title='bbox 299 2206 467 2253; x_wconf 82' lang='lat' dir='ltr'>plebem,</span> <span class='ocrx_word' id='word_1_292' title='bbox 499 2205 576 2242; x_wconf 90' lang='lat' dir='ltr'>illis</span> <span class='ocrx_word' id='word_1_293' title='bbox 601 2205 753 2241; x_wconf 88' lang='lat' dir='ltr'>Latium</span> <span class='ocrx_word' id='word_1_294' title='bbox 784 2205 1022 2241; x_wconf 88' lang='lat' dir='ltr'>iuuentutem</span> <span class='ocrx_word' id='word_1_295' title='bbox 1052 2206 1275 2252; x_wconf 85' lang='lat' dir='ltr'>praebuisse</span> <span class='ocrx_word' id='word_1_296' title='bbox 1307 2206 1490 2244; x_wconf 88' lang='lat' dir='ltr'>maiorem</span> <span class='ocrx_word' id='word_1_297' title='bbox 1516 2218 1664 2254; x_wconf 88' lang='lat' dir='ltr'>semper</span> <span class='ocrx_word' id='word_1_298' title='bbox 1689 2207 1760 2243; x_wconf 85' lang='lat' dir='ltr'>fre-</span> 
     </span>
     <span class='ocr_line' id='line_1_36' title="bbox 180 2253 1383 2302; baseline -0.002 -10"><span class='ocrx_word' id='word_1_299' title='bbox 180 2254 490 2302; x_wconf 89' lang='lat' dir='ltr'>quentioremque</span> <span class='ocrx_word' id='word_1_300' title='bbox 516 2266 583 2300; x_wconf 87' lang='lat' dir='ltr'>pro</span> <span class='ocrx_word' id='word_1_301' title='bbox 603 2255 663 2290; x_wconf 89' lang='lat' dir='ltr'>tot</span> <span class='ocrx_word' id='word_1_302' title='bbox 681 2253 802 2290; x_wconf 83' lang='lat' dir='ltr'>eaesis</span> <span class='ocrx_word' id='word_1_303' title='bbox 822 2253 1048 2289; x_wconf 85' lang='lat' dir='ltr'>exercitibus</span> <span class='ocrx_word' id='word_1_304' title='bbox 1082 2253 1383 2291; x_wconf 85' lang='lat' dir='ltr'>subolesoentem</span> 
     </span>
    </p>
   </div>
   <div class='ocr_carea' id='block_1_5' title="bbox 179 2355 466 2361">
    <p class='ocr_par' dir='ltr' id='par_1_5' title="bbox 179 2355 466 2361">
     <span class='ocr_line' id='line_1_37' title="bbox 179 2355 466 2361; baseline 0 0"><span class='ocrx_word' id='word_1_305' title='bbox 179 2355 466 2361; x_wconf 95' lang='lat' dir='ltr'> </span> 
     </span>
    </p>
   </div>
   <div class='ocr_carea' id='block_1_6' title="bbox 179 2421 1762 2756">
    <p class='ocr_par' dir='ltr' id='par_1_6' title="bbox 179 2421 1762 2756">
     <span class='ocr_line' id='line_1_38' title="bbox 301 2421 1762 2470; baseline 0.001 -11"><span class='ocrx_word' id='word_1_306' title='bbox 301 2422 664 2469; x_wconf 70' lang='lat' dir='ltr'>sz=A‘(Aa)B‘(B</span> <span class='ocrx_word' id='word_1_307' title='bbox 674 2421 1211 2470; x_wconf 71' lang='grc' dir='ltr'>Ο)Ε&lt;φψ)1ἶγὸλ’(λῐ)νπα]</span> <span class='ocrx_word' id='word_1_308' title='bbox 1263 2421 1312 2458; x_wconf 77' lang='grc'><strong>42</strong></span> <span class='ocrx_word' id='word_1_309' title='bbox 1333 2422 1456 2459; x_wconf 81' lang='lat' dir='ltr'>Durus</span> <span class='ocrx_word' id='word_1_310' title='bbox 1471 2424 1611 2470; x_wconf 79' lang='grc' dir='ltr'><strong>ῖς(θ1υ</strong></span> <span class='ocrx_word' id='word_1_311' title='bbox 1626 2425 1762 2470; x_wconf 65' lang='lat' dir='ltr'>Basa.)</span> 
     </span>
     <span class='ocr_line' id='line_1_39' title="bbox 179 2475 1757 2524; baseline 0 -10"><span class='ocrx_word' id='word_1_312' title='bbox 179 2478 291 2514; x_wconf 89' lang='lat' dir='ltr'>Dirus</span> <span class='ocrx_word' id='word_1_313' title='bbox 316 2482 394 2514; x_wconf 82' lang='lat' dir='ltr'>cett.</span> <span class='ocrx_word' id='word_1_314' title='bbox 410 2478 613 2523; x_wconf 60' lang='lat' dir='ltr'>lsufflerser.</span> <span class='ocrx_word' id='word_1_315' title='bbox 719 2475 811 2512; x_wconf 88' lang='lat' dir='ltr'>affer</span> <span class='ocrx_word' id='word_1_316' title='bbox 834 2488 862 2512; x_wconf 80' lang='lat' dir='ltr'>u</span> <span class='ocrx_word' id='word_1_317' title='bbox 959 2477 1018 2524; x_wconf 90' lang='lat' dir='ltr'>ut]</span> <span class='ocrx_word' id='word_1_318' title='bbox 1037 2475 1070 2512; x_wconf 90' lang='lat' dir='ltr'>it</span> <span class='ocrx_word' id='word_1_319' title='bbox 1089 2488 1111 2515; x_wconf 87' lang='grc' dir='ltr'><strong><em>ς</em></strong></span> <span class='ocrx_word' id='word_1_320' title='bbox 1125 2479 1207 2523; x_wconf 73' lang='lat'>(210.</span> <span class='ocrx_word' id='word_1_321' title='bbox 1221 2477 1310 2522; x_wconf 81' lang='lat' dir='ltr'>ras.)</span> <span class='ocrx_word' id='word_1_322' title='bbox 1325 2477 1447 2513; x_wconf 82' lang='lat' dir='ltr'>Aldus</span> <span class='ocrx_word' id='word_1_323' title='bbox 1473 2477 1583 2513; x_wconf 78' lang='lat' dir='ltr'>‘stati</span> <span class='ocrx_word' id='word_1_324' title='bbox 1610 2498 1616 2505; x_wconf 93' lang='lat'><strong>·</strong></span> <span class='ocrx_word' id='word_1_325' title='bbox 1634 2490 1650 2513; x_wconf 90' lang='lat' dir='ltr'>s</span> <span class='ocrx_word' id='word_1_326' title='bbox 1666 2498 1672 2506; x_wconf 92' lang='lat'><strong>·</strong></span> <span class='ocrx_word' id='word_1_327' title='bbox 1699 2479 1757 2514; x_wconf 87' lang='lat' dir='ltr'>ut’</span> 
     </span>
     <span class='ocr_line' id='line_1_40' title="bbox 179 2529 1761 2579; baseline 0 -11"><span class='ocrx_word' id='word_1_328' title='bbox 179 2532 287 2568; x_wconf 82' lang='lat' dir='ltr'>schol.</span> <span class='ocrx_word' id='word_1_329' title='bbox 303 2545 323 2578; x_wconf 83' lang='grc' dir='ltr'>γ</span> <span class='ocrx_word' id='word_1_330' title='bbox 352 2530 557 2576; x_wconf 74' lang='lat' dir='ltr'>‘quomodo</span> <span class='ocrx_word' id='word_1_331' title='bbox 581 2529 645 2566; x_wconf 92' lang='lat' dir='ltr'>uel</span> <span class='ocrx_word' id='word_1_332' title='bbox 670 2529 802 2566; x_wconf 89' lang='lat' dir='ltr'>statim</span> <span class='ocrx_word' id='word_1_333' title='bbox 826 2531 884 2566; x_wconf 91' lang='lat' dir='ltr'>ut’</span> <span class='ocrx_word' id='word_1_334' title='bbox 905 2531 1013 2567; x_wconf 84' lang='lat' dir='ltr'>schol.</span> <span class='ocrx_word' id='word_1_335' title='bbox 1035 2532 1056 2567; x_wconf 90' lang='lat' dir='ltr'>b</span> <span class='ocrx_word' id='word_1_336' title='bbox 1077 2531 1109 2577; x_wconf 96' lang='lat'>()</span> <span class='ocrx_word' id='word_1_337' title='bbox 1197 2529 1248 2566; x_wconf 79' lang='lat'>43</span> <span class='ocrx_word' id='word_1_338' title='bbox 1274 2530 1352 2579; x_wconf 64' lang='lat'>0911</span> <span class='ocrx_word' id='word_1_339' title='bbox 1373 2530 1405 2567; x_wconf 81' lang='grc' dir='ltr'><em>Ο</em></span> <span class='ocrx_word' id='word_1_340' title='bbox 1497 2531 1669 2567; x_wconf 83' lang='lat' dir='ltr'>flammas</span> <span class='ocrx_word' id='word_1_341' title='bbox 1689 2533 1761 2569; x_wconf 77' lang='lat' dir='ltr'>Ru</span> 
     </span>
     <span class='ocr_line' id='line_1_41' title="bbox 227 2583 1761 2632; baseline 0 -11"><span class='ocrx_word' id='word_1_342' title='bbox 227 2585 336 2621; x_wconf 88' lang='lat' dir='ltr'>tedas</span> <span class='ocrx_word' id='word_1_343' title='bbox 362 2584 544 2631; x_wconf 76' lang='grc' dir='ltr'><strong><em>ΑΒγλά</em></strong></span> <span class='ocrx_word' id='word_1_344' title='bbox 580 2583 717 2620; x_wconf 86' lang='lat' dir='ltr'>thedas</span> <span class='ocrx_word' id='word_1_345' title='bbox 744 2585 767 2620; x_wconf 86' lang='grc' dir='ltr'><em>δ</em></span> <span class='ocrx_word' id='word_1_346' title='bbox 803 2584 938 2621; x_wconf 86' lang='lat' dir='ltr'>taedas</span> <span class='ocrx_word' id='word_1_347' title='bbox 964 2588 1043 2622; x_wconf 79' lang='lat' dir='ltr'>cett.</span> <span class='ocrx_word' id='word_1_348' title='bbox 1129 2585 1192 2620; x_wconf 89' lang='lat' dir='ltr'>uel</span> <span class='ocrx_word' id='word_1_349' title='bbox 1217 2584 1355 2632; x_wconf 86' lang='lat' dir='ltr'>Eurus]</span> <span class='ocrx_word' id='word_1_350' title='bbox 1380 2595 1448 2630; x_wconf 90' lang='lat' dir='ltr'>per</span> <span class='ocrx_word' id='word_1_351' title='bbox 1473 2596 1582 2621; x_wconf 90' lang='lat' dir='ltr'>euros</span> <span class='ocrx_word' id='word_1_352' title='bbox 1608 2586 1677 2624; x_wconf 72' lang='lat' dir='ltr'>Fs</span> <span class='ocrx_word' id='word_1_353' title='bbox 1722 2587 1761 2622; x_wconf 85' lang='lat' dir='ltr'>et</span> 
     </span>
     <span class='ocr_line' id='line_1_42' title="bbox 181 2637 1760 2688; baseline 0.002 -15"><span class='ocrx_word' id='word_1_354' title='bbox 181 2649 291 2674; x_wconf 84' lang='lat' dir='ltr'>eurus</span> <span class='ocrx_word' id='word_1_355' title='bbox 317 2639 375 2673; x_wconf 82' lang='grc' dir='ltr'>δπ</span> <span class='ocrx_word' id='word_1_356' title='bbox 399 2639 475 2684; x_wconf 80' lang='lat' dir='ltr'>(sed</span> <span class='ocrx_word' id='word_1_357' title='bbox 501 2639 540 2674; x_wconf 87' lang='lat' dir='ltr'>et</span> <span class='ocrx_word' id='word_1_358' title='bbox 563 2639 606 2674; x_wconf 74' lang='lat' dir='ltr'>in</span> <span class='ocrx_word' id='word_1_359' title='bbox 630 2639 721 2685; x_wconf 83' lang='lat' dir='ltr'>ras.)</span> <span class='ocrx_word' id='word_1_360' title='bbox 745 2650 772 2675; x_wconf 78' lang='lat' dir='ltr'>u</span> <span class='ocrx_word' id='word_1_361' title='bbox 876 2637 927 2674; x_wconf 91' lang='lat'>44</span> <span class='ocrx_word' id='word_1_362' title='bbox 954 2637 1124 2685; x_wconf 83' lang='lat' dir='ltr'>singulas</span> <span class='ocrx_word' id='word_1_363' title='bbox 1149 2639 1186 2675; x_wconf 93' lang='lat' dir='ltr'><em>B</em></span> <span class='ocrx_word' id='word_1_364' title='bbox 1261 2638 1452 2688; x_wconf 64' lang='lat' dir='ltr'>equitauit</span> <span class='ocrx_word' id='word_1_365' title='bbox 1480 2638 1511 2675; x_wconf 82' lang='lat'><em>0</em></span> <span class='ocrx_word' id='word_1_366' title='bbox 1545 2639 1760 2684; x_wconf 84' lang='lat' dir='ltr'>aequitaint</span> 
     </span>
     <span class='ocr_line' id='line_1_43' title="bbox 181 2693 1705 2756; baseline 0.001 -10"><span class='ocrx_word' id='word_1_367' title='bbox 181 2710 195 2746; x_wconf 87' lang='lat' dir='ltr'><em>l</em></span> <span class='ocrx_word' id='word_1_368' title='bbox 209 2722 268 2756; x_wconf 75' lang='lat' dir='ltr'>pr.</span> <span class='ocrx_word' id='word_1_369' title='bbox 343 2708 393 2745; x_wconf 77' lang='lat'>46</span> <span class='ocrx_word' id='word_1_370' title='bbox 417 2693 542 2755; x_wconf 57' lang='lat' dir='ltr'>{teuit</span> <span class='ocrx_word' id='word_1_371' title='bbox 568 2709 613 2756; x_wconf 85' lang='lat'>0,</span> <span class='ocrx_word' id='word_1_372' title='bbox 640 2721 659 2745; x_wconf 88' lang='lat' dir='ltr'><strong>c</strong></span> <span class='ocrx_word' id='word_1_373' title='bbox 684 2711 730 2746; x_wconf 87' lang='lat' dir='ltr'>ab</span> <span class='ocrx_word' id='word_1_374' title='bbox 756 2711 876 2746; x_wconf 80' lang='lat' dir='ltr'>eodem</span> <span class='ocrx_word' id='word_1_375' title='bbox 949 2706 971 2746; x_wconf 66' lang='grc' dir='ltr'>-Ῠ</span> <span class='ocrx_word' id='word_1_376' title='bbox 999 2711 1038 2746; x_wconf 90' lang='lat' dir='ltr'>et</span> <span class='ocrx_word' id='word_1_377' title='bbox 1062 2710 1179 2756; x_wconf 91' lang='lat' dir='ltr'>implo</span> <span class='ocrx_word' id='word_1_378' title='bbox 1205 2711 1243 2746; x_wconf 89' lang='grc' dir='ltr'><strong><em>Β</em></strong></span> <span class='ocrx_word' id='word_1_379' title='bbox 1286 2709 1390 2756; x_wconf 84' lang='lat' dir='ltr'>inpio</span> <span class='ocrx_word' id='word_1_380' title='bbox 1417 2713 1436 2745; x_wconf 89' lang='grc' dir='ltr'><strong><em>λ</em></strong></span> <span class='ocrx_word' id='word_1_381' title='bbox 1482 2709 1600 2756; x_wconf 83' lang='lat' dir='ltr'>impio</span> <span class='ocrx_word' id='word_1_382' title='bbox 1626 2715 1705 2749; x_wconf 77' lang='lat' dir='ltr'>cett.</span> 
     </span>
    </p>
   </div>
   <div class='ocr_carea' id='block_1_7' title="bbox 181 2764 1759 2833">
    <p class='ocr_par' dir='ltr' id='par_1_7' title="bbox 181 2764 1759 2833">
     <span class='ocr_line' id='line_1_44' title="bbox 181 2764 1759 2833; baseline 0.003 -11"><span class='ocrx_word' id='word_1_383' title='bbox 181 2787 230 2823; x_wconf 82' lang='grc'><strong>47</strong></span> <span class='ocrx_word' id='word_1_384' title='bbox 244 2787 405 2822; x_wconf 81' lang='lat' dir='ltr'>Vestata</span> <span class='ocrx_word' id='word_1_385' title='bbox 420 2786 451 2823; x_wconf 84' lang='lat'><em>0</em></span> <span class='ocrx_word' id='word_1_386' title='bbox 494 2797 676 2832; x_wconf 90' lang='lat' dir='ltr'>penorum</span> <span class='ocrx_word' id='word_1_387' title='bbox 690 2788 761 2824; x_wconf 80' lang='lat' dir='ltr'>Au</span> <span class='ocrx_word' id='word_1_388' title='bbox 823 2786 873 2823; x_wconf 85' lang='lat'>48</span> <span class='ocrx_word' id='word_1_389' title='bbox 894 2789 927 2833; x_wconf 91' lang='lat'>()</span> <span class='ocrx_word' id='word_1_390' title='bbox 975 2787 1026 2823; x_wconf 77' lang='lat'>49</span> <span class='ocrx_word' id='word_1_391' title='bbox 1046 2798 1118 2832; x_wconf 90' lang='lat' dir='ltr'>que</span> <span class='ocrx_word' id='word_1_392' title='bbox 1137 2799 1205 2824; x_wconf 87' lang='lat' dir='ltr'>om.</span> <span class='ocrx_word' id='word_1_393' title='bbox 1220 2798 1263 2824; x_wconf 78' lang='lat' dir='ltr'>ui</span> <span class='ocrx_word' id='word_1_394' title='bbox 1345 2777 1503 2823; x_wconf 72' lang='lat' dir='ltr'>&#39;annibal</span> <span class='ocrx_word' id='word_1_395' title='bbox 1523 2789 1547 2823; x_wconf 77' lang='grc' dir='ltr'><em>ὃ</em></span> <span class='ocrx_word' id='word_1_396' title='bbox 1584 2764 1714 2826; x_wconf 41' lang='lat' dir='ltr'>&amp;nibal</span> <span class='ocrx_word' id='word_1_397' title='bbox 1739 2794 1759 2827; x_wconf 92' lang='grc' dir='ltr'><strong><em>λ</em></strong></span> 
     </span>
    </p>
   </div>
   <div class='ocr_carea' id='block_1_8' title="bbox 180 2839 1757 2996">
    <p class='ocr_par' dir='ltr' id='par_1_8' title="bbox 180 2839 1757 2996">
     <span class='ocr_line' id='line_1_45' title="bbox 230 2839 1757 2888; baseline 0.003 -12"><span class='ocrx_word' id='word_1_398' title='bbox 230 2840 281 2876; x_wconf 85' lang='lat'>50</span> <span class='ocrx_word' id='word_1_399' title='bbox 307 2839 418 2888; x_wconf 65' lang='lat' dir='ltr'>Oerui</span> <span class='ocrx_word' id='word_1_400' title='bbox 445 2839 476 2876; x_wconf 83' lang='lat'><em>0</em></span> <span class='ocrx_word' id='word_1_401' title='bbox 544 2839 676 2886; x_wconf 62' lang='lat' dir='ltr'>lepori-1</span> <span class='ocrx_word' id='word_1_402' title='bbox 702 2842 731 2877; x_wconf 81' lang='lat' dir='ltr'>ll</span> <span class='ocrx_word' id='word_1_403' title='bbox 804 2842 923 2887; x_wconf 85' lang='lat' dir='ltr'>preda</span> <span class='ocrx_word' id='word_1_404' title='bbox 949 2842 1050 2888; x_wconf 77' lang='lat' dir='ltr'>Ayu</span> <span class='ocrx_word' id='word_1_405' title='bbox 1121 2840 1312 2887; x_wconf 85' lang='lat' dir='ltr'>rapatium</span> <span class='ocrx_word' id='word_1_406' title='bbox 1337 2841 1444 2887; x_wconf 78' lang='lat' dir='ltr'>A&#39;yu</span> <span class='ocrx_word' id='word_1_407' title='bbox 1559 2843 1609 2879; x_wconf 77' lang='lat'>52</span> <span class='ocrx_word' id='word_1_408' title='bbox 1636 2846 1676 2880; x_wconf 90' lang='lat' dir='ltr'>et</span> <span class='ocrx_word' id='word_1_409' title='bbox 1699 2844 1757 2880; x_wconf 87' lang='lat' dir='ltr'>fu-</span> 
     </span>
     <span class='ocr_line' id='line_1_46' title="bbox 180 2894 1751 2943; baseline 0.004 -14"><span class='ocrx_word' id='word_1_410' title='bbox 180 2904 269 2940; x_wconf 84' lang='lat' dir='ltr'>gere</span> <span class='ocrx_word' id='word_1_411' title='bbox 293 2904 348 2932; x_wconf 73' lang='grc' dir='ltr'>ας</span> <span class='ocrx_word' id='word_1_412' title='bbox 399 2894 458 2928; x_wconf 90' lang='lat' dir='ltr'>est</span> <span class='ocrx_word' id='word_1_413' title='bbox 482 2894 582 2930; x_wconf 79' lang='lat' dir='ltr'>omis.</span> <span class='ocrx_word' id='word_1_414' title='bbox 603 2895 655 2932; x_wconf 79' lang='grc' dir='ltr'>ἃς</span> <span class='ocrx_word' id='word_1_415' title='bbox 670 2896 734 2943; x_wconf 57' lang='grc' dir='ltr'>(βε</span> <span class='ocrx_word' id='word_1_416' title='bbox 748 2895 888 2940; x_wconf 74' lang='lat' dir='ltr'>Turio.)</span> <span class='ocrx_word' id='word_1_417' title='bbox 989 2894 1192 2940; x_wconf 74' lang='lat' dir='ltr'>trihfiphus</span> <span class='ocrx_word' id='word_1_418' title='bbox 1218 2907 1243 2931; x_wconf 86' lang='grc' dir='ltr'><strong><em>α</em></strong></span> <span class='ocrx_word' id='word_1_419' title='bbox 1339 2894 1390 2931; x_wconf 82' lang='grc'>53</span> <span class='ocrx_word' id='word_1_420' title='bbox 1421 2895 1488 2931; x_wconf 91' lang='lat' dir='ltr'>illo</span> <span class='ocrx_word' id='word_1_421' title='bbox 1508 2908 1581 2943; x_wconf 75' lang='lat' dir='ltr'>pro</span> <span class='ocrx_word' id='word_1_422' title='bbox 1607 2897 1673 2934; x_wconf 89' lang='lat' dir='ltr'>ilio</span> <span class='ocrx_word' id='word_1_423' title='bbox 1699 2899 1751 2936; x_wconf 84' lang='lat' dir='ltr'>R1</span> 
     </span>
     <span class='ocr_line' id='line_1_47' title="bbox 230 2947 1368 2996; baseline 0.002 -12"><span class='ocrx_word' id='word_1_424' title='bbox 230 2947 281 2984; x_wconf 84' lang='lat'>54</span> <span class='ocrx_word' id='word_1_425' title='bbox 306 2947 411 2983; x_wconf 85' lang='lat' dir='ltr'>Iacta</span> <span class='ocrx_word' id='word_1_426' title='bbox 436 2959 464 2984; x_wconf 92' lang='grc' dir='ltr'><strong><em>π</em></strong></span> <span class='ocrx_word' id='word_1_427' title='bbox 470 2959 531 2993; x_wconf 76' lang='lat' dir='ltr'>pr.</span> <span class='ocrx_word' id='word_1_428' title='bbox 606 2947 723 2983; x_wconf 78' lang='lat' dir='ltr'>tuscis</span> <span class='ocrx_word' id='word_1_429' title='bbox 748 2950 849 2986; x_wconf 83' lang='lat' dir='ltr'>omis.</span> <span class='ocrx_word' id='word_1_430' title='bbox 870 2950 961 2996; x_wconf 70' lang='grc' dir='ltr'><strong><em>δΡν.</em></strong></span> <span class='ocrx_word' id='word_1_431' title='bbox 1041 2947 1242 2994; x_wconf 88' lang='lat' dir='ltr'>equoribus</span> <span class='ocrx_word' id='word_1_432' title='bbox 1267 2949 1368 2995; x_wconf 76' lang='lat' dir='ltr'>Ryu</span> 
     </span>
    </p>
   </div>
  </div>
 </body>
</html>
