2002 3224
797 147 885 183 LIB.
908 148 933 182 Ι.
962 150 1102 182 19-20
1683 145 1741 187 55

902 319 1005 368 XX.

512 427 597 468 Vile
629 427 786 480 potabis
818 427 986 467 modicis
1018 426 1208 466 Sabinum

512 499 729 552 cantharis,
761 498 916 539 Graeca
948 498 1054 550 quod
1086 510 1158 549 ego
1190 499 1276 550 ipse
1308 502 1408 536 testa

512 571 716 611 conditum
746 571 844 623 leui,
876 570 992 610 datus
1023 572 1065 609 in
1096 570 1250 609 theatro

570 656 661 683 cum
692 642 767 682 tibi
798 641 979 695 plausus,

510 727 600 754 care
632 715 838 754 Maecenas
871 726 1012 767 eques,
1043 718 1087 753 ut
1118 714 1275 765 paterni
1718 719 1740 750 5

510 786 684 826 fluminis
715 787 826 838 ripae
860 784 978 825 simul
1010 789 1050 824 et
1074 786 1207 824 iocosa

510 857 697 897 redderet
727 857 864 896 laudes
896 856 970 897 tihi
1001 856 1179 896 Vaticani

568 931 716 969 montis
747 931 889 981 imago,

510 1001 735 1041 Caecubum
768 1006 807 1040 et
838 1000 948 1053 prelo
982 1001 1170 1040 domitam
1205 999 1350 1040 Caleno

163 1163 237 1198 que
266 1151 419 1198 sagittis
518 1151 567 1187 12
594 1162 662 1187 nec
686 1163 783 1196 quae
803 1151 900 1187 nihil
920 1151 1075 1198 attinet]
1103 1152 1145 1188 S:
1171 1151 1473 1187 Anacreonteum
1499 1153 1556 1195 50,
1577 1154 1598 1186 3
1613 1162 1667 1196 sq.
1682 1151 1742 1188 B.:

162 1202 202 1237 τί
223 1199 266 1236 δέ
291 1213 355 1246 μοι
380 1198 496 1246 λέγων
522 1199 708 1236 τοσούτων
733 1205 807 1235 τῶν
837 1199 956 1245 μηδὲν
988 1199 1252 1245 ὠφελούντων;
1376 1198 1426 1234 13
1464 1198 1507 1235 S:
1546 1198 1635 1234 Ans.
1657 1198 1742 1244 eph.

162 1252 194 1294 2,
218 1251 279 1284 13:
305 1247 545 1293 foculumque
567 1247 665 1283 uiui
692 1246 918 1294 caespitis
1018 1245 1168 1282 14-16
1196 1247 1239 1283 S:
1266 1246 1377 1282 Mart.
1398 1245 1503 1282 VIIII
1529 1249 1585 1292 90,
1608 1250 1652 1282 16
1667 1258 1740 1292 sq.:

164 1299 203 1331 et
228 1308 313 1331 cum
338 1297 422 1331 ture
446 1306 623 1341 meroque
647 1294 879 1341 uictimaque
904 1294 1045 1331 libetur
1070 1294 1142 1330 tibi
1162 1293 1344 1330 candidas
1365 1293 1415 1329 ad
1434 1304 1520 1329 aras
1619 1292 1669 1330 14
1696 1294 1739 1331 S:

159 1344 332 1380 Mamert.
353 1342 393 1378 in
418 1343 584 1389 genethl.
606 1343 758 1380 Maxim.
781 1355 810 1380 c.
833 1346 895 1379 10:
923 1354 1011 1378 arae
1030 1342 1198 1386 incendi,
1225 1344 1331 1378 tura
1355 1341 1480 1388 poni,
1507 1341 1597 1377 uina
1615 1341 1740 1387 libari,

164 1391 343 1427 uictimae
369 1391 477 1426 caedi
646 1391 696 1427 16
735 1391 777 1428 S:
816 1391 937 1426 Amm.
957 1391 1072 1427 Marc.
1098 1391 1202 1426 XXX
1229 1393 1262 1436 ὅ,
1285 1394 1322 1426 1:
1361 1389 1519 1435 pacifica
1543 1401 1671 1436 prece,
1698 1391 1742 1425 ut

160 1438 346 1485 propitius
379 1438 560 1475 ueniret
591 1440 631 1475 et
659 1439 779 1474 lenis
810 1441 822 1485 ΙΙ
853 1439 957 1476 anth.
977 1439 1059 1475 Lat.
1082 1438 1140 1476 ed.
1161 1438 1210 1475 M.
1233 1441 1338 1485 1702,
1358 1441 1397 1474 4:
1436 1449 1552 1483 quam
1580 1437 1741 1474 ueniet

158 1488 289 1524 nostra
314 1486 507 1522 uictima
533 1498 644 1522 caesa
667 1498 782 1522 manu

255 1559 271 1593 Ι
298 1562 354 1594 20.
405 1558 426 1594 1
444 1570 525 1604 sqq.
565 1559 608 1596 S:
646 1558 771 1605 Apoll.
793 1558 868 1595 Sid.
889 1570 1000 1595 carm.
1021 1558 1125 1595 XVII
1152 1562 1195 1594 15
1211 1570 1283 1604 sq.:
1315 1558 1406 1594 uina
1430 1557 1525 1593 mihi
1549 1570 1625 1594 non
1652 1560 1740 1594 sunt

159 1606 354 1652 Gazetica‚
382 1605 493 1651 Chia,
518 1606 678 1642 Falerna
698 1617 871 1651 quaeque
892 1607 1102 1652 Saraptano
1120 1606 1280 1652 palmite
1298 1605 1416 1641 missa
1434 1606 1546 1641 bibas
1645 1605 1666 1642 1
1694 1608 1738 1643 T:

159 1654 314 1690 Caesius
340 1654 479 1690 Bassus
504 1667 540 1700 p.
562 1658 631 1689 266
681 1654 821 1691 Victor.
842 1667 877 1701 p.
901 1658 968 1690 157
995 1656 1034 1690 et
1059 1654 1105 1690 de
1131 1666 1178 1691 m.
1199 1654 1288 1690 Hor.
1308 1666 1344 1700 p.
1367 1657 1435 1690 175
1487 1653 1588 1690 Seru.
1616 1655 1663 1690 de
1689 1667 1737 1691 m.

157 1702 246 1738 Hor.
266 1702 336 1737 IIII
361 1714 396 1747 p.
418 1705 488 1738 468
537 1702 658 1738 Diom.
679 1715 714 1748 p.
737 1706 806 1738 522
905 1703 929 1739 3
945 1714 999 1747 sq.
1026 1702 1138 1738 datus
1159 1731 1167 1739 .
1184 1731 1215 1739 ..
1237 1701 1410 1750 plausus]
1443 1702 1487 1739 S:
1521 1702 1656 1748 κρότον
1682 1704 1736 1738 δι-

156 1748 269 1786 δόναι
366 1748 390 1784 4
428 1750 471 1786 T:
510 1749 651 1786 Victor.
673 1751 719 1785 de
745 1762 793 1787 m.
814 1750 903 1786 Hor.
929 1762 965 1796 p.
988 1754 1056 1785 176
1185 1750 1284 1786 6-8
1323 1749 1367 1787 S:
1403 1749 1533 1785 Claud.
1561 1750 1608 1786 de
1633 1750 1736 1787 laud.

157 1797 239 1834 Stil.
267 1797 302 1832 lI
333 1800 402 1832 403
424 1809 523 1842 sqq.:
560 1797 792 1844 Pompeiana
831 1798 977 1833 dabunt
1015 1799 1176 1843 quantos
1215 1796 1437 1844 proscaenia
1474 1797 1648 1843 plausus!
1689 1798 1738 1834 ad

157 1845 303 1881 caelum
330 1844 504 1890 quotiens
530 1845 643 1881 uallis
662 1845 735 1881 tibi
754 1846 900 1881 Murcia
920 1846 1034 1881 ducet
1052 1857 1189 1881 nomen
1209 1847 1278 1883 etc.
1378 1845 1401 1881 8
1427 1845 1566 1881 montis
1590 1845 1736 1892 imago]

158 1894 201 1930 S:
228 1893 316 1929 Aus.
338 1903 396 1939 ep.
425 1897 487 1939 24,
509 1897 554 1929 10
569 1893 671 1930 Seu:
709 1893 810 1929 redit
835 1895 874 1930 et
897 1905 1090 1929 nemorum
1118 1893 1261 1929 uocalis
1294 1893 1457 1939 imago
1610 1893 1734 1930 9—11

159 1940 389 1977 ‘Caecubum
408 1963 455 1967 —
474 1941 587 1977 uites’
615 1943 658 1978 T:
684 1941 819 1988 Porph.
842 1941 890 1977 ad
918 1952 1024 1977 serm.
1046 1941 1081 1976 II
1107 1946 1139 1987 2,
1160 1945 1205 1976 48
1310 1942 1333 1977 9
1350 1953 1404 1987 sq.
1434 1940 1663 1977 ‘Caecubum
1690 1963 1734 1968 —-

156 1989 286 2024 uuam’
314 1990 357 2026 T:
385 1989 486 2026 Seru.
508 1989 557 2026 ad
583 2001 640 2035 ge.
662 1989 695 2024 ΙΙ
717 1993 762 2025 59

274 2145 290 2180 Ι
317 2148 373 2180 20.
431 2147 466 2180 ,Ω
490 2163 534 2175 =
554 2145 1172 2192 ABODFopwfflM‘mzffiau]
1275 2145 1481 2182 SAPHICU
1513 2145 1580 2181 AD
1615 2145 1736 2181 MAE-

155 2198 388 2236 CENATEM
426 2200 463 2235 B
536 2198 602 2234 AD
642 2196 948 2235 MEOENATEM
984 2201 1198 2246 (praemisso
1235 2199 1351 2235 Maera
1389 2199 1542 2245 saphin?
1577 2200 1735 2235 endeca-

156 2252 294 2288 sillabv
329 2251 374 2297 G)
407 2251 812 2288 PROSPHONETICE
844 2252 1031 2298 (PROPH.
1057 2255 1096 2298 u)
1134 2252 1200 2287 AD
1240 2252 1548 2288 MEGENATEM
1580 2255 1736 2300 (reliqua

159 2308 258 2342 omis.
286 2308 326 2351 u)
355 2305 587 2341 INVITANS
614 2305 720 2341 EVM
746 2305 812 2341 AD
838 2305 999 2342 VINVM
1030 2306 1070 2342 F
1074 2305 1132 2342 λά
1204 2306 1547 2342 MAECENATEM
1574 2307 1735 2353 (MEGE-

157 2357 289 2401 NATF]
304 2366 356 2411 D)
370 2364 436 2400 AD
458 2364 628 2401 OENAM
647 2365 865 2401 INVITAT-
880 2366 996 2402 DRa
1026 2364 1340 2401 PRAGMATICE
1356 2365 1685 2412 (PARGMATICE
1698 2367 1734 2409 ὃ)

159 2424 535 2461 ADMECENATEM
562 2427 664 2470 ὃπΖ,·
689 2439 716 2461 π
742 2426 848 2462 add.:
872 2418 1110 2461 INUITAT‘U
1128 2426 1202 2461 ‘AD
1227 2418 1349 2461 UIND
1363 2425 1428 2460 AB
1447 2424 1552 2461 IPSO
1574 2425 1734 2461 DIFFU-

158 2479 256 2515 SUM
311 2483 397 2514 swnt
423 2479 487 2525 qui
512 2479 724 2516 abiudicent
747 2480 813 2515 hoc
838 2491 983 2516 carmen
1009 2480 1189 2525 Horatio,
1214 2481 1276 2516 sed
1300 2480 1377 2515 uid.
1399 2479 1543 2526 Epiley.

1678 2535 1697 2554 8

278 2562 296 2597 1
314 2561 411 2597 Vide
425 2562 555 2598 Rante
568 2573 640 2598 ras.
694 2562 839 2598 modice
852 2563 906 2599 R1
916 2567 982 2599 aut
991 2575 1050 2609 pr.
1119 2563 1142 2598 2
1165 2562 1338 2599 Cantaris
1351 2564 1388 2599 B
1398 2563 1531 2598 Ἐδπα
1579 2563 1692 2608 grecss
1704 2575 1733 2598 π

157 2627 269 2661 greca
281 2620 359 2652 cett.
410 2627 480 2662 ego
500 2627 567 2652 om.
583 2628 608 2651 u
682 2616 706 2652 3
727 2617 943 2653 Oumditum
957 2618 1034 2661 lpr.
1057 2616 1271 2652 Oomditum
1285 2618 1298 2653 l
1305 2627 1396 2653 corr.
1446 2615 1524 2651 leui
1537 2616 1617 2651 AB
1628 2616 1733 2652 GDa

158 2670 355 2706 Pseudacr.
400 2668 499 2704 eleui
530 2669 650 2706 FRz'
691 2669 791 2716 elegi
822 2670 915 2716 Pph.
955 2670 1059 2716 ssleui
1091 2672 1175 2715 ὃφῐ
1217 2669 1338 2707 releui
1367 2672 1456 2705 λπα
1545 2670 1669 2704 teatro
1701 2677 1732 2714 ψ

158 2722 307 2758 teathro
326 2723 362 2758 B
457 2721 480 2758 5
507 2723 605 2758 Kare
624 2723 738 2759 ARa
775 2723 868 2759 Care
889 2727 964 2759 cett.
1034 2734 1232 2758 mecaenas
1255 2724 1327 2759 Fu
1358 2733 1532 2758 mecenas
1562 2720 1732 2759 ODez'u

158 2795 182 2830 6
211 2793 374 2828 fluminis
405 2778 484 2840 pm}
510 2794 590 2842 ripe
617 2797 643 2841 '7
669 2794 807 2830 iocosa.
834 2794 957 2830 simul.
984 2795 1020 2829 B
1114 2793 1195 2839 ripe
1222 2795 1298 2839 δφι
1421 2793 1444 2829 8
1478 2792 1643 2840 immago
1670 2795 1684 2830 l

156 2865 397 2956 {Cenabum
425 2865 503 2901 Clu
576 2866 705 2911 praelo
732 2879 756 2902 a
793 2846 887 2911 prel⁰
913 2867 924 2901 l
961 2865 1089 2910 proelo
1115 2877 1142 2901 u
1177 2865 1320 2910 proelio
1347 2866 1384 2900 B
1457 2864 1581 2900 calino
1607 2865 1730 2902 Seruii

195 2930 355 2966 uqumszs
