2002 3224
271 156 328 198 62
462 156 465 159 ’
818 157 1005 193 HORATI
1030 156 1217 193 CARMIN
1224 158 1291 194 VM

585 267 683 307 nulli
714 267 898 321 flebilior,
931 281 1048 320 quam
1078 269 1171 322 tihi,
1202 269 1361 321 Vergili.
1628 272 1635 276 ’
1796 279 1839 311 10

586 344 630 378 tu
662 340 809 378 frustra
840 341 930 391 pius
962 340 1040 379 heu
1071 353 1151 380 non
1182 342 1237 380 ita
1268 341 1464 380 creditum

613 445 616 448 .
643 411 776 462 poscis
809 410 1045 457 Quintilium
1076 411 1184 451 deos.

586 481 680 533 quid
713 483 748 520 si
779 481 963 521 Threicio
995 481 1179 523 blandius
1211 483 1368 535 Orpheo

584 552 757 592 auditam
788 553 995 593 moderere
1027 554 1235 594 arboribus
1267 555 1404 607 fidem,

583 636 678 664 num
710 637 834 664 uanae
866 624 1003 665 redeat
1035 627 1194 678 sanguis
1226 627 1408 679 imagini,
1795 637 1837 667 15

643 708 761 747 quam
792 697 905 748 uirga
937 696 1060 736 semel
1091 697 1252 737 horrida

583 779 662 806 non
694 767 795 807 lenis
826 767 1012 819 precibus
1045 768 1122 807 fata
1154 768 1360 808 recludere

582 839 695 890 nigro
728 838 966 890 compulerit
996 839 1217 879 Mercurius
1249 837 1391 891 gregi?

581 909 744 949 durum:
777 910 846 949 sed
879 909 1009 949 leuius
1042 911 1085 949 fit
1116 911 1325 963 patientia,

642 981 831 1033 quicquid
864 982 1064 1032 corrigere
1097 986 1158 1021 est
1189 982 1310 1021 nefas.
1790 991 1836 1024 2ο

980 1189 1124 1236 XXV.

579 1283 741 1323 Parcius
774 1285 928 1323 iunctas
961 1285 1143 1336 quatiunt
1175 1284 1370 1323 fenestras

382 1415 431 1451 13
446 1427 499 1460 sq.
540 1416 583 1452 S:
623 1415 754 1452 Claud.
775 1416 820 1451 de
845 1418 950 1462 nupt.
971 1416 1066 1452 Hon.
1089 1420 1157 1451 234
1184 1419 1222 1451 et
1248 1415 1330 1451 Sen.
1355 1416 1452 1453 Med.
1481 1420 1568 1452 358:
1607 1415 1832 1452 Thracius

263 1463 467 1509 Orpheus
518 1464 564 1499 cf.
586 1463 712 1499 adnot.
734 1464 783 1499 ad
809 1475 838 1499 c.
859 1464 876 1498 I
904 1468 958 1508 12,
980 1467 1095 1498 7-12
1195 1463 1243 1499 15
1282 1463 1434 1499 Homeri
1461 1465 1595 1500 εἴδωλα
1621 1463 1831 1500 reddidisse

262 1510 426 1546 ereditur
450 1510 628 1546 Horatius
714 1511 760 1547 cf.
783 1511 849 1546 Ou.
871 1511 957 1546 fast.
978 1511 1012 1546 V
1036 1514 1122 1546 463:
1149 1510 1300 1546 inanis
1327 1511 1477 1556 imago
1576 1511 1622 1547 17
1652 1511 1696 1549 S:
1723 1513 1830 1548 Hom.

260 1559 302 1594 Il.
323 1558 426 1594 VIIII
453 1562 537 1594 158:
561 1557 678 1603 Ἀίὸης
703 1572 762 1594 τοι
787 1559 975 1604 ἀμείλιχος
1089 1558 1172 1594 fata
1195 1558 1403 1606 recludere]
1430 1559 1664 1605 82Prop.11
1690 1563 1746 1605 12,
1769 1563 1832 1596 54.

260 1605 421 1641 forsiban
445 1606 656 1641 includel:
681 1606 847 1641 crastina
872 1605 972 1641 fata
1004 1605 1084 1641 dies
1231 1606 1281 1641 18
1318 1606 1440 1652 gregi]
1481 1606 1525 1643 S.
1563 1606 1671 1643 Hom.
1711 1588 1831 1643 ἔθνεα

260 1659 416 1738 ἒῗκΕίῗιζ.
429 1653 520 1736 (331.
532 1654 719 1760 {d23si1qaet
728 1653 920 1759 ἔεὲἐιῗςίὶμὲν
947 1653 1089 1746 gagg),
1094 1653 1831 1755 Τοιὲκοῃῖἶμῗερῖῗὃξθὲοιῌὲςὲρέἔτα

259 1749 471 1794 τάναγκαῖα
496 1754 561 1783 τοῦ
583 1746 666 1802 βίον
686 1747 817 1802 φέρειν
836 1750 849 1794 ΙΙ
867 1748 988 1785 Plaut.
1010 1750 1109 1794 capt.
1132 1752 1215 1784 196:
1243 1748 1352 1783 decet.
1375 1748 1415 1782 id
1441 1748 1541 1793 pati
1568 1749 1679 1784 ambo
1705 1748 1831 1784 animo

261 1807 398 1841 aequo:
435 1795 466 1830 si
496 1795 537 1830 id
570 1795 736 1840 facietis,
771 1796 921 1831 leuior
951 1795 1060 1831 labos
1091 1795 1163 1831 erit
1197 1798 1210 1842 ΙΙ
1248 1795 1314 1831 Ou.
1336 1807 1407 1832 am
1428 1795 1445 1830 I
1471 1800 1504 1841 2,
1526 1800 1588 1832 10:
1626 1795 1728 1832 leue
1754 1795 1830 1841 fit,

260 1844 361 1888 quod
385 1844 482 1879 bene
507 1843 635 1890 fertur,
661 1825 754 1879 onu's
786 1845 798 1889 ss
829 1843 1053 1879 Pseudosen.
1075 1843 1120 1878 de
1146 1854 1235 1878 mor.
1259 1847 1298 1878 6.
1328 1843 1490 1878 libenter
1515 1844 1614 1879 ieras
1640 1844 1741 1888 quod
1766 1855 1830 1879 ne-

260 1902 363 1926 cesse
388 1893 465 1936 est3
491 1891 597 1926 dolor
621 1873 856 1937 patientia
884 1890 1048 1926 uincitur

380 1951 396 1985 I
422 1954 478 1987 25
530 1950 590 1985 Ad
615 1949 842 1986 sententiam
869 1950 912 1986 8·
939 1949 1007 1985 Ou.
1028 1960 1060 1986 a.
1082 1960 1115 1985 a.
1135 1949 1188 1984 HI
1209 1953 1253 1984 69
1268 1961 1367 1994 sqq..
1393 1951 1540 1995 tempus
1566 1949 1654 1996 erit,
1680 1962 1754 1995 quo
1774 1952 1828 1997 tu,

261 2009 356 2042 quae
377 2010 475 2033 nunc
501 1997 669 2034 excludis
689 1997 865 2042 amantis,
887 1996 1027 2043 frigida
1049 1997 1200 2032 deserta
1219 2000 1329 2033 nocte
1347 1996 1489 2032 iacebis
1516 2008 1645 2044 anus,
1671 2009 1741 2034 nec
1761 2000 1831 2034 tua

380 2142 415 2174 Ω,
434 2157 479 2169 =
498 2140 579 2175 AB
590 2140 1142 2186 ODF(q21p)RyM'(2z)nau]
1268 2139 1318 2175 10
1358 2139 1494 2185 uergili
1531 2140 1828 2186 Bpr.FR12‘m

262 2194 454 2229 Prisciani
478 2205 576 2229 unus
601 2195 677 2229 cod.
716 2193 845 2239 uirgili
869 2194 1092 2229 cett.Bcorr.
1240 2193 1287 2228 11
1327 2192 1410 2238 pios
1439 2193 1469 2228 O
1546 2193 1703 2230 heunita
1725 2195 1780 2230 A1

260 2247 310 2282 13
341 2245 438 2288 Quid
470 2246 520 2281 sii,
550 2260 570 2292 γ
615 2246 712 2289 Quid
744 2246 775 2281 si
806 2251 884 2283 cett.
905 2247 1011 2283 schol.
1034 2260 1055 2291 γ
1098 2245 1241 2288 Quodsi
1263 2247 1323 2282 uel
1349 2245 1455 2288 Quod
1482 2246 1514 2281 si
1539 2257 1561 2285 ς
1580 2249 1612 2293 ()
1697 2248 1829 2284 treicio

262 2324 363 2359 Fen
435 2323 597 2359 blandus
625 2325 653 2360 21
722 2309 853 2371 olrpheo
878 2337 905 2358 π
1028 2323 1076 2359 14
1106 2323 1264 2369 Audita,
1296 2352 1320 2356 -
1344 2325 1390 2360 ab
1417 2325 1480 2361 alt.
1501 2337 1567 2369 m.‚
1590 2324 1630 2360 D
1703 2325 1829 2361 mode-

258 2387 340 2412 rare
365 2378 402 2412 B
439 2377 630 2420 moderere
658 2388 746 2423 sepe
770 2390 846 2413 πα.
860 2389 931 2413 ras.
949 2392 977 2423 φ
1015 2378 1206 2413 moderere
1233 2388 1321 2425 sepe
1339 2385 1377 2438 ·ψ
1476 2378 1526 2413 15
1557 2378 1657 2413 Num
1683 2378 1826 2431 ῼΡΡῙᾳτ

257 2456 364 2491 schol.
379 2468 399 2500 γ
425 2454 510 2489 Non
530 2465 552 2492 ς
572 2456 603 2499 ()
659 2465 756 2490 nane
778 2455 865 2499 0γὸ
923 2454 1116 2500 sanguinis
1137 2455 1174 2489 R
1232 2440 1397 2501 imagbni
1416 2454 1453 2489 A
1533 2455 1582 2490 16
1608 2456 1724 2490 semel
1741 2455 1780 2491 R

259 2509 308 2544 18
335 2507 547 2554 conpulerit
571 2520 627 2553 γα
643 2509 737 2554 Pph.
860 2508 910 2543 19
945 2508 1078 2543 durum
1105 2508 1171 2542 sed
1195 2507 1315 2542 leuius
1342 2507 1385 2542 fit
1408 2507 1595 2553 patientia
1621 2520 1702 2543 cum
1727 2509 1827 2544 codi—

258 2565 359 2599 cibus
384 2563 602 2609 quibusdam
628 2563 683 2607 (ut
707 2562 759 2607 D)
786 2561 926 2608 Hitziy,
957 2562 1086 2597 omisso
1111 2561 1188 2596 colo
1207 2565 1291 2606 post
1316 2561 1465 2605 durum3
1495 2562 1558 2596 sed
1576 2562 1741 2607 plerique
1765 2572 1824 2598 co-

257 2618 353 2652 dices
377 2621 411 2652 ct
434 2616 540 2651 schol.
567 2629 588 2660 y
614 2617 881 2661 intevpunqunt
900 2619 985 2661 post
1010 2614 1143 2649 durum
1217 2614 1266 2648 s&
1290 2627 1311 2659 γ
1385 2613 1577 2658 pacientia
1602 2629 1630 2659 φ

376 2681 392 2715 Ι
417 2685 474 2716 25.
525 2680 591 2714 AD
624 2680 797 2715 LIDIAM
821 2679 899 2716 BG
967 2678 1310 2715 EXPROBRATIO
1343 2678 1666 2724 (EXPROBATIO
1698 2681 1739 2725 u)
1769 2679 1821 2714 IN

256 2733 579 2769 MERETRICEM
600 2737 678 2777 (om.
696 2735 736 2779 u)
760 2732 949 2768 LYDIAM
966 2732 1153 2778 (LIDIAM
1172 2732 1243 2778 λἀ)
1266 2731 1432 2767 Ὲδϊπα
1481 2731 1820 2768 EXPROBRA'I'IO

257 2788 309 2822 IN
341 2787 663 2823 MERETRICEM
692 2787 863 2822 LIDIAM
894 2786 958 2821 DE
992 2785 1227 2822 SVPERBIA
1258 2784 1409 2820 IPSIVS
1435 2798 1455 2830 γ
1534 2785 1600 2819 AD
1632 2784 1820 2821 LYDIAM

257 2840 320 2874 DE
349 2840 589 2875 SVPERBIA
613 2840 765 2876 IPSIVS
791 2841 874 2876 DR
883 2853 906 2875 a

355 2912 374 2945 1
403 2911 551 2946 Partius
582 2912 766 2947 ODFnu
803 2896 941 2948 Parius
968 2913 992 2946 ὃ
