2008 3230
222 155 308 191 Vm
861 153 1147 190 PRAEFATIO.

223 267 465 316 interpolata
511 267 621 316 sunt,
673 267 828 328 folssgss
851 283 906 297 =
927 266 1040 317 epist.
1073 267 1093 304 I
1128 269 1170 316 1,
1199 268 1221 305 1
1239 268 1362 304 -61
1401 266 1521 306 med:
1548 267 1635 306 ’Nil
1669 264 1792 307 {scire

224 339 291 376 tibi
329 332 547 390 (supplem.
587 350 686 377 saec.
718 335 851 389 XIII);
888 338 955 377 fol.
985 338 1199 377 Scir—fol.
1223 338 1276 377 98
1298 338 1490 399 =—epist.
1517 337 1791 400 I—issel—Il
1841 357 1846 362 ·

226 410 263 458 1,
279 411 374 447 247.
405 409 578 459 Reliqua
597 404 730 462 (epist.
750 409 791 447 ΙΙ
813 410 850 457 1,
866 401 1064 458 248-2,
1080 405 1182 459 216)
1212 421 1312 449 saec.
1337 409 1411 447 XV
1436 409 1504 448 uel
1528 409 1623 448 XVI
1654 409 1790 470 addita

224 481 329 518 sunt.
391 480 529 519 Etiam
565 479 779 531 genuinam
824 480 970 519 codicis
1007 495 1031 532 γ
1061 482 1240 530 partem,
1278 492 1381 530 quae
1418 480 1460 518 in
1499 480 1740 531 optimorum
1769 479 1790 518 I

223 539 371 578 ordinis
402 539 583 578 codicum
613 552 778 578 numero
811 541 882 588 est,
917 552 941 578 a
972 539 1140 578 diuersis
1179 538 1317 578 scribis
1349 541 1554 579 exaratam
1585 552 1669 579 esse
1699 552 1790 579 con-

224 600 322 648 stat,
354 598 444 636 inde
476 598 526 636 ab
558 598 669 648 epod.
698 599 735 647 5,
757 599 823 637 37,
844 599 972 637 altera
1003 610 1146 637 manus
1179 598 1339 649 incipit,
1372 599 1440 638 sed
1470 599 1624 639 indoles
1654 598 1791 638 classis

224 657 360 696 eadem
391 660 537 696 manet.

344 716 474 755 Codex
504 732 527 768 γ
559 716 672 755 libris
697 717 723 754 h
750 718 790 755 et
814 717 855 755 M
879 716 1056 767 proxime
1084 716 1224 755 adfinis
1250 719 1320 757 est.
1371 718 1524 756 Partim
1550 718 1670 766 solus,
1701 730 1790 768 par—

225 775 298 813 tim
330 788 420 814 cum
450 776 589 826 paucis
623 775 818 814 adfinibus
850 776 1063 815 nonnullas
1095 777 1274 828 uolgaris
1311 777 1501 816 sermonis
1527 777 1793 828 proprietates

223 834 393 884 exhibet,
425 837 489 873 ut:

399 897 586 933 mostrum
617 907 647 933 c.
675 895 694 932 I
722 896 789 944 37,
811 896 863 932 21
899 890 973 947 (γ).

401 956 575 992 tresauro
609 948 698 1006 (ay)
732 966 759 992 s.
786 954 827 991 II
856 955 892 1003 6,
916 956 981 992 11.

400 1023 520 1050 uocuo
556 1009 596 1064 (y
614 1007 691 1065 pr.)
724 1025 751 1051 s.
779 1013 820 1050 II
847 1014 886 1060 2,
909 1014 1004 1052 119.

400 1074 456 1109 set
484 1071 635 1120 passim
664 1084 736 1121 pro
768 1072 835 1110 sed
866 1067 909 1124 (γ
945 1071 1011 1110 uel
1043 1087 1065 1124 γ
1084 1066 1174 1125 pix).

400 1131 578 1169 incolomi
609 1143 645 1168 a.
675 1144 712 1180 p.
735 1132 819 1168 222
856 1128 896 1183 (y
928 1133 969 1169 et
1000 1126 1100 1184 alii).

401 1190 519 1228 obiice
551 1186 720 1239 (primus
751 1184 794 1242 γ)
830 1190 944 1240 epist.
970 1190 990 1228 I
1018 1192 1085 1239 16,
1106 1192 1173 1229 62.

401 1250 539 1287 καπίθη
571 1243 697 1302 (γβ”)
731 1249 844 1299 epist.
870 1250 911 1287 II
939 1251 976 1298 1,
999 1251 1094 1288 114.

403 1309 602 1356 suppremi
634 1302 763 1361 (solus
794 1303 836 1362 γ)
869 1321 899 1348 c.
926 1309 945 1347 I
972 1310 1040 1358 32,
1062 1310 1127 1348 13.

404 1367 545 1405 diluies
577 1361 638 1420 (γ)
670 1380 701 1406 c.
728 1367 789 1405 III
817 1369 885 1416 29,
905 1369 972 1406 40.

403 1427 562 1475 detergit
591 1439 621 1465 c.
652 1427 672 1464 Ι
700 1428 736 1475 7,
759 1427 812 1465 15
846 1424 887 1479 (y
905 1427 938 1464 E
960 1425 1008 1478 z).

226 1485 487 1537 Neglegentis
525 1498 683 1536 quoque
722 1485 872 1525 scribae
909 1486 1053 1525 menda
1089 1486 1363 1536 reperiuntur,
1406 1488 1473 1526 ut:

404 1547 439 1583 et
469 1545 572 1583 dicta
602 1558 674 1594 pro
708 1546 830 1584 edicta
861 1540 912 1599 (c.
938 1546 1020 1584 IIII
1049 1546 1116 1594 15,
1137 1540 1222 1599 22).

405 1607 439 1643 et
469 1605 591 1652 quina
620 1617 692 1654 pro
726 1606 867 1653 equina
898 1599 1030 1658 (epod.
1059 1606 1097 1654 8,
1118 1600 1177 1659 8).

404 1666 438 1702 et
467 1664 714 1711 maneroPatus
745 1677 817 1714 pro
850 1666 1116 1713 emancipatus
1147 1659 1280 1718 (epod.
1309 1667 1347 1714 9,
1370 1660 1456 1718 12).

402 1724 562 1770 refferre
592 1738 615 1774 γ
647 1723 756 1762 solus
788 1718 837 1776 (s.
863 1723 882 1761 I
910 1725 949 1772 2,
971 1718 1057 1777 77).

228 1781 500 1833 Originarium
532 1783 733 1832 exemplar
769 1782 993 1822 minusculo
1026 1798 1064 1834 q.
1095 1783 1131 1822 d.
1163 1784 1391 1823 litterarum
1422 1797 1566 1836 genere
1604 1784 1798 1835 scriptum

225 1843 326 1879 erat:
354 1841 546 1880 habemus
576 1841 681 1880 enim
708 1854 742 1880 a.
763 1855 799 1891 p.
823 1842 906 1880 308
933 1843 1059 1881 iustus
1084 1850 1134 1895 71
1161 1856 1232 1893 pro
1259 1845 1405 1895 πάντας,
1437 1856 1465 1882 s.
1492 1844 1532 1882 Π
1559 1845 1598 1894 6,
1620 1845 1672 1883 77
1700 1845 1796 1884 uici·

223 1913 299 1939 nas
324 1915 347 1952 y
379 1913 450 1950 pro
482 1901 648 1939 uicinus.

342 1959 420 1997 Hic
451 1959 572 1997 codex
602 1959 742 1997 multis
774 1960 908 1998 sordet
938 1961 1051 1999 falsis
1082 1961 1322 2000 lectionibus
1354 1962 1440 2001 eius
1466 1962 1586 2012 modi,
1619 1975 1724 2013 quae
1749 1977 1798 2003 ex

225 2018 368 2068 glossis
408 2015 537 2067 (opere
566 2019 610 2055 in
641 2019 751 2066 lonyo
783 2031 817 2056 a.
843 2033 880 2068 p.
910 2017 1012 2070 360)
1050 2021 1117 2059 uel
1148 2020 1271 2059 variis
1309 2021 1549 2061 lectionibus
1580 2023 1796 2073 glossema.-

225 2076 315 2114 ticis
359 2076 610 2126 explicantur
653 2071 837 2129 (bromos
875 2091 906 2116 c.
942 2078 1024 2116 IIII
1059 2081 1131 2129 14,
1161 2082 1226 2119 11.
1283 2081 1457 2118 clientiae
1493 2094 1524 2120 c.
1556 2080 1597 2118 ΙΙ
1631 2082 1704 2132 18,
1731 2077 1797 2134 8),

225 2135 348 2173 etiam
396 2134 546 2172 talibus
594 2135 886 2184 mutationibus
938 2137 1175 2186 conspicuus
1220 2139 1296 2189 est,
1342 2139 1480 2188 quales
1524 2139 1795 2191 ludimagistri

225 2193 450 2244 excogitare
495 2193 625 2231 solent
669 2190 712 2243 (a
751 2207 823 2243 pro
865 2196 932 2239 ab,
969 2207 1038 2234 nec
1077 2209 1148 2245 pro
1190 2208 1328 2248 neque,
1376 2199 1512 2236 domus
1551 2211 1623 2248 pro
1664 2199 1796 2239 domos

225 2252 335 2301 epod.
365 2253 407 2302 5,
429 2253 502 2300 53,
532 2254 624 2299 post
658 2253 751 2290 haec
787 2265 858 2302 pro
889 2257 982 2302 post
1015 2255 1084 2293 hoc
1121 2249 1211 2308 (γῇ)
1250 2256 1363 2305 epist.
1395 2257 1436 2294 II
1465 2259 1501 2305 1,
1525 2251 1646 2310 175),
1689 2266 1794 2308 quae

226 2310 330 2348 uitia
366 2322 554 2360 magnam
593 2312 749 2360 partem
787 2312 838 2350 ad
881 2312 1014 2362 ipsum
1049 2314 1169 2363 primi
1207 2309 1355 2353 ordinis
1393 2316 1654 2366 archetypum
1693 2317 1792 2356 refe-

226 2369 348 2407 renda
380 2370 485 2406 sunt.
536 2368 722 2407 Ceterum
747 2370 829 2410 cod.
855 2386 890 2423 y,
917 2372 947 2410 si
974 2372 1118 2411 Horati
1143 2375 1386 2422 contextum,
1418 2387 1537 2424 quem
1562 2375 1685 2414 ctiam
1710 2376 1794 2416 sine

228 2440 273 2465 eo
306 2429 533 2466 construere
564 2428 676 2476 licet,
708 2429 857 2481 eximis,
887 2431 1052 2480 plurimi
1084 2432 1206 2470 etiam
1238 2433 1507 2471 aestimandus
1539 2436 1600 2473 est
1629 2447 1719 2474 eam
1744 2436 1794 2474 ob

228 2497 405 2533 causam,
449 2486 558 2535 quod
609 2487 801 2536 optimam
845 2490 886 2527 et
927 2490 1199 2539 plenissimam
1243 2491 1401 2530 exhibet
1442 2494 1712 2533 recensionem
1755 2496 1796 2534 et

229 2543 467 2583 scholiorum
498 2546 537 2582 Γ
562 2547 602 2583 et
635 2546 859 2596 glossarum
889 2549 932 2586 Γ.

911 2630 1039 2671 Schol.
1071 2633 1111 2669 Γ

349 2685 475 2724 Schol.
501 2687 541 2724 Γ
562 2689 655 2725 sunt
681 2688 924 2737 amplificata
943 2690 1072 2728 forma
1098 2691 1337 2731 scholiorum
1356 2693 1795 2736 Pseudacronianorum

231 2742 330 2793 (cod.
358 2739 430 2796 A),
469 2745 516 2783 cf.
551 2746 731 2795 symbola
767 2748 1064 2800 philologorum
1101 2750 1371 2791 Bonnensium
1409 2753 1451 2791 in
1488 2754 1679 2794 honorem
1708 2755 1794 2794 Fri-

230 2803 350 2841 derici
386 2804 612 2853 Ritschelii,
642 2805 1027 2858 Lips.1864—67,
1058 2823 1096 2859 p.
1123 2810 1388 2862 499—502;
1426 2813 1652 2864 conscripta
1687 2815 1793 2855 circa.

232 2874 267 2900 a.
296 2864 528 2902 600——650
553 2877 590 2912 p.
612 2863 711 2916 Chr„
746 2878 824 2905 non
858 2868 950 2906 ante
981 2865 1180 2908 Isidorum
1213 2865 1262 2923 (†
1284 2866 1398 2925 636).
1460 2873 1669 2912 Notabilia
1699 2876 1817 2914 sunt.

230 2921 334 2960 inter
371 2922 452 2961 alia
488 2924 718 2973 posterioris
759 2926 903 2964 aetatis
941 2927 1139 2967 uocabula
1178 2931 1448 2979 cupidinarius
1488 2934 1530 2972 et
1570 2934 1800 2984 hyrneosus„
