2002 3224
297 162 381 203 122
841 158 1025 195 HORATI
1049 157 1311 194 CARMINVM

579 277 618 312 et
650 272 839 324 quicquid
872 283 1038 323 usquam
1070 271 1293 322 concipitur
1323 269 1433 310 nefas

576 346 780 397 tractauit,
811 356 905 395 agro
938 344 1007 395 qui
1039 343 1175 382 statuit
1205 354 1293 381 meo
1813 347 1856 378 10

638 420 675 454 te
708 416 822 454 triste
856 414 1024 467 lignum,
1055 418 1094 452 te
1126 413 1317 452 caducum

698 488 738 525 in
771 486 922 525 domini
954 490 1072 538 caput
1102 485 1348 524 inmerentis.

579 558 672 610 quid
707 559 874 610 quisque
906 559 1007 597 uitet
1038 568 1251 608 numquam
1284 556 1436 594 homini
1468 556 1564 594 satis

579 634 737 669 cautum
770 634 830 669 est
862 630 902 668 in
934 629 1062 668 horas.
1107 629 1239 667 nauita
1271 627 1519 679 Bosphorum

641 701 796 741 Poenus
828 701 1097 753 perhorrescit
1128 712 1256 752 neque
1289 698 1391 738 ultra
1819 703 1862 736 15

697 786 812 813 caeca
843 774 957 813 timet
989 772 1145 811 aliunde
1179 772 1273 823 fata,
1815 776 1817 778 ·

580 844 694 884 miles
727 845 890 896 sagittas
922 848 961 883 et
993 843 1161 883 celerem
1196 843 1326 894 sugam

580 915 735 969 Parthi,
766 920 924 955 catenas
956 915 1123 954 Parthus
1157 918 1196 953 et
1227 913 1366 952 Italum

639 986 778 1040 robur3
812 986 879 1025 sed
913 987 1117 1038 inprouisa
1150 985 1218 1024 leti

699 1059 762 1097 uis
795 1058 927 1110 rapuit
958 1059 1164 1109 rapietque
1197 1057 1336 1108 gentis.
1817 1062 1862 1094 20

581 1142 697 1182 quam
729 1142 853 1182 paene
887 1131 1024 1168 furuae
1057 1141 1176 1180 regna
1208 1128 1469 1179 Proserpinae

295 1283 375 1317 ulla
406 1281 519 1317 tellus
551 1281 715 1317 barbara
746 1279 933 1316 commisit
958 1290 1154 1324 umquam,
1186 1289 1262 1314 non
1286 1277 1377 1323 uagi
1402 1276 1545 1323 campis
1570 1275 1688 1312 Getae
1712 1285 1782 1311 nec
1805 1275 1863 1310 in-

295 1329 495 1376 hospitalis
520 1329 664 1364 Taurus
691 1329 758 1363 aut
783 1339 935 1374 sparsus
962 1327 1118 1372 Scythes
1241 1327 1264 1362 8
1293 1326 1335 1362 S:
1356 1324 1431 1365 On.
1451 1324 1528 1359 her.
1550 1327 1583 1370 6,
1606 1326 1689 1360 131:
1716 1322 1863 1358 Colchis

296 1407 304 1414 .
320 1407 350 1414 ..
372 1376 518 1413 ueneris
538 1379 550 1423 u
568 1376 710 1422 Κόλχος
734 1377 778 1411 ut
802 1375 924 1421 Apoll.
952 1375 1021 1410 Rh.
1043 1374 1111 1409 IIII
1136 1377 1206 1409 486
1350 1374 1376 1409 9
1414 1373 1457 1409 S:
1497 1372 1579 1408 Seu.
1605 1370 1703 1407 Med.
1730 1373 1777 1406 44
1791 1381 1863 1416 sq.=

297 1426 556 1471 quodcumque
582 1424 680 1459 uidit
704 1423 844 1458 Pontus
871 1423 935 1458 aut
961 1421 1095 1457 Phasis
1120 1421 1246 1467 nefas,
1272 1419 1419 1456 uidebit
1444 1420 1604 1456 Isthmos
1743 1417 1793 1454 13
1808 1429 1884 1463 sqn

298 1473 406 1519 ‘quid
420 1494 462 1499 -—
479 1473 550 1508 est’
579 1473 622 1508 T:
649 1471 756 1507 floril.
772 1470 890 1506 Paris.
905 1473 997 1505 8069
1105 1469 1153 1505 17
1171 1481 1226 1513 sq.
1252 1469 1294 1505 S:
1315 1467 1428 1513 Verg.
1443 1478 1501 1514 ge.
1515 1467 1643 1503 11131=
1668 1465 1865 1503 fidentem-

297 1532 368 1565 que
394 1521 485 1566 fuga
508 1520 690 1555 Parthum
715 1517 909 1563 uersisque
936 1516 1087 1562 sagittis
1119 1520 1131 1563 ΙΙ
1161 1516 1232 1551 ΠΙΙ
1252 1519 1320 1551 313
1335 1528 1406 1561 sq.:
1441 1514 1606 1559 sagittae
1625 1543 1632 1551 .
1649 1543 1657 1552 .
1673 1543 1680 1552 .
1700 1512 1835 1549 Parthi
1851 1512 1866 1562 ΙΙ

297 1568 427 1605 Claud.
443 1570 488 1603 de
508 1567 577 1602 IIII
596 1578 696 1603 cons.
712 1566 848 1602 Honor.
864 1570 950 1602 531:
977 1565 1107 1610 refugo
1135 1575 1232 1610 quae
1258 1563 1308 1599 sit
1333 1563 1471 1599 fiducia
1489 1562 1629 1599 Partho
1745 1561 1795 1603 19,
1810 1572 1863 1606 sq.

298 1617 340 1653 S:
367 1616 478 1651 Prud.
498 1615 596 1650 ham.
620 1617 826 1650 535—538:
858 1624 1016 1659 praepes
1042 1612 1157 1658 enim,
1185 1611 1356 1647 uolucres
1381 1611 1471 1646 dum
1495 1609 1629 1656 pennis
1653 1608 1866 1645 transuolat

297 1675 425 1709 auras,
452 1662 691 1709 inprouisa
715 1661 836 1707 uenit,
862 1672 931 1696 nee
958 1660 1096 1696 stridor
1117 1659 1271 1695 nuntiat
1289 1660 1378 1694 ante
1398 1659 1604 1694 aduentum
1623 1656 1726 1703 leti,
1752 1667 1865 1702 qnam

297 1711 460 1757 pectoris
495 1710 628 1746 abdita
661 1711 814 1755 rumpat
848 1719 1016 1744 securam
1049 1707 1237 1753 rapiens
1268 1706 1456 1742 medicato
1487 1705 1640 1741 uulnere
1673 1703 1795 1741 uitam

298 1760 345 1795 21
362 1771 416 1804 sq.
444 1759 486 1795 S:
514 1758 597 1794 Sen.
611 1758 749 1793 Phoen.
765 1760 973 1793 521—535:
1000 1767 1131 1800 quam
1150 1765 1294 1800 paene
1313 1755 1434 1790 mater
1451 1752 1573 1788 maius
1596 1751 1728 1798 aspexi
1744 1751 1863 1805 nefas²

298 1817 412 1852 quam
438 1806 539 1851 quod
563 1805 678 1840 miser
702 1804 831 1840 uidere
856 1815 931 1839 non
962 1803 1087 1849 potuit
1111 1804 1236 1848 pater!
1275 1801 1366 1836 licet
1395 1801 1530 1836 timore
1561 1798 1740 1836 facinoris
1765 1799 1865 1835 tanti

296 1865 429 1890 uacem
453 1853 680 1898 uideamque
705 1852 782 1887 iam
806 1851 861 1886 nil
886 1851 981 1896 tale,
1007 1862 1089 1885 sum
1114 1849 1244 1885 infelix
1270 1850 1414 1894 tamen,
1441 1848 1542 1893 qnod
1567 1858 1712 1893 paene
1735 1845 1834 1882 uidi
1852 1846 1866 1894 ΙΙ

295 1902 403 1938 Here.
424 1901 495 1938 fur.
517 1904 722 1937 547—549:
750 1910 825 1944 qua
851 1910 917 1945 spe
942 1897 1170 1944 praecipites
1196 1898 1302 1932 actus
1329 1896 1377 1932 ad
1401 1895 1540 1931 inferos
1566 1895 1691 1931 audax
1707 1894 1762 1930 ire
1781 1893 1864 1929 uias

296 1948 559 1985 inremeabiles
603 1947 771 1983 uidisti
815 1946 963 1982 Siculae
1006 1956 1148 1991 regna
1190 1943 1518 1989 Proserpinae?
1560 1945 1572 1989 ΙΙ
1615 1942 1756 1978 anthol.
1782 1941 1864 1978 Lat.

300 2001 403 2042 1615,
424 1997 526 2032 2M.:
552 1996 718 2031 nondum
743 1995 998 2039 Persephones
1025 1993 1223 2038 sperabam
1249 1991 1371 2027 uisere
1396 2002 1514 2036 regna
1616 1989 1665 2026 21
1691 1990 1742 2026 Τί
1762 1989 1865 2025 Seru.

299 2045 347 2079 ad
367 2055 424 2090 ge.
440 2044 574 2078 111407
646 2043 792 2077 ‘furuae
819 2052 935 2087 regna
959 2040 1220 2086 Proserpinae’
1247 2041 1290 2075 T:
1318 2038 1523 2085 Agroecius
1542 2037 1640 2084 (Vll)
1665 2049 1703 2083 p.
1725 2040 1793 2073 125

301 2093 343 2128 S:
371 2092 465 2127 Stat.
487 2091 554 2126 Th.
569 2090 653 2125 VIIl
676 2094 736 2125 10:
764 2088 941 2124 Eumenis
967 2090 1034 2123 aut
1059 2088 1190 2123 furuo
1216 2086 1495 2132 Proserpina
1515 2087 1624 2131 poste
1642 2086 1795 2121 notarat

418 2236 453 2269 ,Ω
472 2252 517 2264 --
537 2232 810 2278 A'(Aa)BC'D
821 2230 1280 2278 F(q>q>)Ry2'(Zl)vnaz]
1356 2229 1406 2264 10
1433 2227 1617 2277 quistauit
1640 2241 1662 2279 γ
1695 2274 1710 2279 ..
1729 2226 1780 2263 12
1806 2237 1866 2262 oa-

297 2289 374 2334 pud.
398 2300 425 2324 a
538 2286 756 2323 inmerentis
785 2286 913 2323 GRaz
927 2285 993 2321 Ac.
1032 2284 1264 2320 immerentis
1290 2281 1577 2328 A'DFyz'vns
1613 2279 1808 2318 imerentis
1828 2280 1865 2316 B

297 2341 516 2377 inminentis
541 2352 586 2376 m
709 2340 758 2376 13
785 2341 817 2386 ()
892 2337 1062 2383 quisquis
1087 2349 1130 2374 ul
1207 2347 1400 2381 nunquam
1428 2336 1458 2372 O
1575 2333 1625 2370 14
1646 2334 1733 2382 [sliu
1756 2334 1796 2370 D

298 2407 382 2432 oras
411 2396 451 2431 F
543 2394 736 2430 bosforum
761 2395 797 2430 B
824 2393 916 2439 Pph.
943 2393 1078 2439 Porph.
1116 2391 1345 2436 bosphorum
1371 2394 1450 2426 cett.
1478 2390 1673 2425 Pseudaer.
1697 2388 1803 2424 schol.
1827 2390 1867 2430 2,-

300 2450 496 2486 Pseadacr.
518 2450 702 2494 interpret.
725 2448 811 2495 βοὸς
830 2447 947 2492 φόρος
966 2448 997 2491 ()
1119 2444 1168 2480 15
1194 2445 1316 2491 Penus
1342 2456 1397 2479 va
1434 2443 1581 2478 Poenus
1607 2446 1684 2478 cett.
1705 2441 1798 2487 Pph.
1813 2440 1867 2477 bis

300 2504 434 2549 Porph.
449 2503 515 2539 Ac.
530 2502 727 2538 Pseudacr.
766 2500 918 2544 Thynus
945 2499 1164 2535 Lachmann
1181 2499 1259 2534 aid.
1275 2498 1420 2542 Epiley.
1507 2493 1731 2541 perol-rescit
1758 2493 1799 2529 F

300 2556 349 2592 16
376 2555 472 2591 Ceca
497 2555 679 2600 A1Gyvu
693 2554 759 2590 Ac.
839 2554 939 2589 timet
948 2551 992 2600 sss
1012 2552 1115 2588 Rsin
1125 2562 1197 2587 ras.
1235 2550 1420 2593 timetque
1446 2549 1525 2585 Axt
1562 2548 1719 2583 timetue
1745 2547 1867 2583 Lach-

298 2622 413 2646 mann
460 2609 565 2644 faeta
583 2620 644 2644 vva
730 2607 778 2643 17
806 2606 1011 2652 sagitasset
1028 2618 1056 2640 π
1130 2603 1272 2649 sagitas
1292 2610 1340 2647 ψ]
1400 2601 1551 2637 celerim
1570 2602 1626 2638 131
1700 2600 1750 2636 19
1777 2599 1827 2635 s&
1845 2613 1867 2645 γ

301 2663 367 2699 sed
391 2667 468 2700 cett.
489 2664 531 2708 (s,
555 2662 601 2707 G)
682 2659 889 2706 improuisa
914 2658 1069 2696 A'BDZ
1105 2656 1322 2703 inprovisass
1343 2657 1380 2693 R
1417 2655 1611 2702 inprouisa
1635 2659 1713 2692 cett.
1798 2652 1868 2689 leti

303 2747 510 2792 opo-Ram
536 2744 606 2793 lega
631 2744 696 2790 Ay
721 2719 790 2779 lgti
815 2756 839 2779 a
874 2742 966 2778 loeti
992 2740 1401 2778 ecoerFvnamz
1510 2739 1560 2775 20
1585 2739 1712 2785 rapis,
1737 2740 1867 2776 omisso

302 2810 384 2844 que,
411 2813 433 2834 v
506 2797 630 2844 gentis
656 2796 778 2833 A'Bz'
805 2798 937 2843 gentes
957 2801 1035 2833 cett.
1056 2795 1110 2831 As
1206 2793 1256 2829 21
1283 2804 1403 2839 paene
1423 2793 1592 2829 DFRls
1629 2803 1724 2839 pene
1748 2791 1872 2829 ABG

302 2872 398 2914 ytas
444 2882 538 2918 pene
561 2882 588 2905 a
633 2879 751 2914 poene
776 2879 796 2905 z
839 2879 926 2913 sepe
959 2869 987 2904 ll
1000 2867 1132 2904 ataid.
1170 2877 1265 2912 pene
1290 2878 1336 2909 π,
1357 2875 1397 2900 αι
1417 2876 1492 2901 non
1511 2866 1623 2911 liquet
1710 2849 1816 2911 fgrue
1831 2865 1863 2899 A

301 2922 406 2957 forne
420 2924 473 2958 ΑΙ
487 2923 553 2959 Ac.
591 2922 702 2970 farae
728 2932 748 2958 z
784 2921 891 2957 fui-ue
919 2922 950 2957 Ο
958 2921 1090 2956 furuae
1114 2924 1191 2957 cett.
1208 2919 1450 2973 PphPorph.
1465 2919 1607 2963 sclzol.y

1981 3059 2002 3224 Qum
1976 3022 2002 3049 ‚51¹1
1982 2963 2002 3001 -”,,,.“.
1997 2917 2002 2946 -,
1998 2883 1999 2886 „
1999 2856 2002 2861 ,
1998 2835 2002 2838 Α
