2008 3230
829 154 1119 192 PRAEFATIO.
1612 154 1767 190 XXXIII

182 271 284 313 obiit
319 271 427 312 inter
470 271 673 312 Kalendas
715 271 802 310 Ian.
834 283 869 311 a.
905 271 1016 310 1582
1056 271 1098 309 et
1135 269 1227 308 ante
1266 268 1372 308 diem
1409 268 1526 307 XVII
1562 268 1765 308 Kalendas

181 332 352 372 Sextiles
384 345 419 371 a.
448 333 562 372 1588
596 325 663 385 (cf.
695 331 876 370 archives
908 330 956 370 de
987 330 1164 397 Bruges,
1205 324 1291 367 etat
1328 328 1396 367 des
1432 328 1545 367 biens
1585 330 1628 367 1Θ
1663 324 1763 367 serie

178 405 238 431 nr.
272 394 370 432 369.
431 392 603 443 Paquot,
641 390 851 431 memoires
884 403 991 441 pour
1020 389 1148 429 servir
1184 401 1208 427 a
1238 377 1433 427 l'liistoire
1465 388 1663 426 litteraire
1696 388 1765 427 des

177 452 335 503 dixsept
377 451 586 502 provinces
628 451 720 490 des
740 451 871 502 Pays-
857 450 959 489 -Bas
990 449 1053 488 ΠΙ
1089 463 1128 500 p.
1156 450 1241 488 650
1263 460 1320 499 sq.
1394 447 1580 488 Louvain
1615 446 1760 500 1770).

177 511 290 551 Inter
321 511 575 562 Cruquianas
607 510 802 550 editiones
834 510 1142 560 diplomaticum
1174 508 1283 559 quod
1314 508 1455 547 dicunt
1480 508 1647 558 aliquod
1677 521 1765 558 pre-

176 572 282 611 tium
311 572 463 611 habent
492 572 586 610 hae:

299 633 335 671 1.
378 631 422 677 Q.
447 630 608 670 Horatii
632 630 768 670 Flacci
799 630 1024 670 carminum
1047 630 1150 669 liber
1181 629 1363 680 quartus,
1396 641 1444 667 ex
1469 627 1764 678 antiquissimis

178 691 463 742 manuscriptis
494 690 696 731 codicibus
717 723 725 730 .
746 722 754 730 .
776 721 784 729 .
812 703 934 741 opera
962 690 1099 729 Iacobi
1132 688 1301 740 Cruquii
1325 688 1504 728 Messinii
1524 717 1533 726 .
1555 720 1563 727 .
1585 719 1594 727 .
1620 688 1764 728 editus.

177 751 328 803 Brugis
357 751 496 790 Fland.
530 764 578 790 ex
609 751 769 790 officina
801 750 982 789 Huberti-
1006 749 1166 802 Goltzii,
1201 750 1327 789 1565.

300 813 336 851 2.
381 810 426 858 Q.
463 810 624 850 Horatii
660 810 796 849 Flacci
839 810 996 861 epodon
1026 810 1146 861 liber,
1188 822 1236 848 ex
1275 808 1569 859 antiquissimis
1611 809 1765 859 septem

177 871 379 910 codicibus
410 870 696 921 manuscriptis
725 883 818 910 cum
843 869 1141 910 commentariis
1172 869 1353 919 antiquis
1379 868 1614 907 emendatus
1643 881 1765 918 opera

175 930 313 971 Iacobi
345 929 515 981 Cruquii
545 931 725 970 Messinii
757 932 830 970 etc.
891 930 1142 980 Antuerpiae
1180 942 1228 968 ex
1267 928 1428 968 officina
1461 927 1550 967 Ohr.
1582 928 1765 967 Plantini

268 1045 278 1052 ⁴
296 1052 334 1089 3.
368 1049 412 1096 Q.
439 1050 601 1089 Horatii
625 1050 761 1090 Flacci
793 1052 1034 1102 satyrarum,
1067 1062 1139 1089 seu
1167 1049 1305 1100 potius
1331 1050 1564 1101 eclogarum
1589 1049 1683 1087 libri
1707 1048 1759 1088 II.

177 1110 240 1148 Ex
284 1109 577 1160 antiquissimis
618 1110 803 1149 undecim
850 1110 1052 1149 codicibus
1096 1109 1400 1161 manuscriptis,
1446 1122 1539 1148 cum
1582 1109 1763 1159 antiquis

178 1169 494 1221 commentariis,
531 1171 625 1219 post
657 1170 808 1209 omneis
841 1170 912 1220 qui
942 1170 1140 1208 hactenus
1174 1169 1275 1208 editi
1306 1170 1419 1220 sunt,
1456 1168 1626 1206 infinitis
1663 1169 1763 1208 locis

177 1229 376 1281 purgatis,
408 1230 449 1268 et
480 1229 629 1268 clarius
661 1229 870 1279 explicatis
903 1242 1024 1279 opera
1054 1229 1192 1268 Iacobi
1223 1227 1393 1279 Cruquii
1423 1228 1621 1279 Messinii,
1654 1228 1764 1278 apud

178 1288 421 1340 Brugenseis
458 1289 660 1339 politioris
698 1289 954 1328 litteraturae
992 1288 1229 1339 professoris
1269 1288 1433 1339 publici.
1496 1288 1689 1326 Eiusdem
1720 1288 1763 1326 in

180 1348 339 1388 eosdem
371 1349 659 1388 commentarii.
709 1349 972 1400 Antuerpiae,
1005 1362 1052 1388 ex
1085 1348 1246 1388 officina
1278 1348 1557 1398 Christophori
1581 1348 1763 1387 Plautini

175 1408 545 1460 prototypographi
575 1409 692 1460 regis.
759 1411 780 1447 1
788 1411 811 1448 5
820 1412 840 1448 7
849 1411 885 1448 3.

295 1470 334 1507 4.
367 1470 479 1507 totus
510 1468 705 1507 Horatius
736 1481 828 1507 cum
859 1469 1001 1508 titulo:
1047 1468 1090 1515 Q.
1122 1468 1318 1508 Horatius
1350 1469 1536 1520 Flaccus,
1575 1481 1623 1507 ex
1658 1468 1762 1507 anti-

175 1528 381 1578 quissimis
411 1528 598 1568 undecim
622 1528 690 1567 lib.
716 1542 767 1567 m.
789 1541 817 1567 s.
845 1530 886 1567 et
909 1529 1064 1568 schedis
1090 1529 1249 1580 aliquot
1274 1529 1511 1568 emendatus
1534 1530 1608 1568 etc.
1659 1529 1761 1567 Ant-

173 1588 350 1640 uerpiae,
383 1601 431 1627 ex
462 1587 623 1627 officina
654 1587 744 1627 Chr.
776 1588 958 1627 Plautini
991 1590 1073 1628 157
1080 1590 1117 1629 8.

291 1648 380 1687 Hae
406 1647 601 1687 editiones
620 1648 819 1687 notabiles
845 1660 929 1687 esse
948 1648 1141 1687 uidentur
1164 1650 1330 1699 propter
1348 1649 1538 1688 lectiones
1566 1650 1762 1699 quattuor

172 1707 336 1747 illorum
374 1707 556 1747 codicum
587 1708 967 1758 Blandinianorum,
1007 1708 1077 1758 qui
1115 1721 1149 1747 a.
1186 1710 1298 1748 1566
1337 1708 1520 1748 incendio
1555 1709 1762 1759 absumpti

173 1768 279 1806 sunt.
323 1767 476 1807 Eorum
501 1767 682 1818 ipsorum
708 1769 845 1809 autem
875 1768 984 1807 solus
1004 1767 1042 1805 V
1067 1780 1208 1807 reuera
1235 1768 1401 1819 aliquod
1424 1768 1603 1819 pretium
1627 1769 1760 1820 habet,

173 1827 243 1866 sed
268 1826 423 1866 sufnme
449 1827 675 1867 cauendum
701 1829 772 1879 est,
804 1841 853 1867 ne
879 1827 1051 1866 nimium
1078 1828 1114 1866 ei
1139 1828 1378 1868 tribuamus.
1429 1828 1616 1867 Hohnius
1642 1829 1761 1880 enim,

174 1887 245 1938 qui
283 1883 347 1926 ‘de
387 1887 520 1926 codice
561 1887 777 1927 Blandinio
818 1884 1112 1927 uetustissimo’
1153 1888 1357 1927 subtiliter
1394 1888 1556 1938 scripsit
1593 1889 1635 1928 et
1674 1890 1758 1928 606

171 1946 318 1986 codicis
350 1947 387 1985 V
418 1947 612 1986 lectiones
644 1961 693 1986 ex
723 1947 968 1987 editionibus
995 1947 1239 1998 Oruquianis
1265 1961 1414 1999 magna
1439 1947 1654 1999 diligentia
1680 1949 1761 1987 col-

171 2007 285 2059 legit,
323 2007 520 2046 falsarum
551 2008 709 2046 tantam
741 2007 899 2058 copiam
929 2008 1119 2059 repperit,
1150 2009 1199 2046 ut
1230 2008 1331 2048 alios
1362 2007 1583 2047 habeamus
1614 2008 1762 2047 Horati

171 2066 326 2106 codices
357 2067 486 2106 multo
511 2067 697 2107 meliores
724 2061 792 2121 (cf.
819 2067 1038 2118 Haussner,
1072 2066 1275 2119 Oruquius
1300 2067 1384 2107 und
1410 2067 1473 2106 (116
1499 2067 1761 2107 Horazkritik

170 2140 210 2177 p.
237 2128 261 2166 9
296 2129 337 2166 et
367 2127 524 2178 Epileg.
550 2141 588 2177 p.
611 2122 730 2180 835).
791 2127 905 2166 Adde
939 2127 1047 2178 quod
1077 2126 1246 2178 Cruquii
1273 2128 1491 2167 relationes
1522 2141 1603 2167 non
1630 2128 1762 2167 solum

171 2186 219 2225 de
252 2186 455 2226 codicibus
486 2199 521 2226 a.
552 2188 664 2227 1566
698 2187 881 2226 incendio
914 2187 1067 2238 deletis,
1105 2188 1174 2227 sed
1205 2188 1329 2227 etiam
1360 2188 1407 2227 de
1439 2187 1501 2239 iis,
1534 2200 1637 2238 quos
1667 2190 1761 2238 post

171 2259 206 2285 a.
237 2248 349 2286 1566
383 2246 576 2286 facillime
600 2248 819 2286 retractare
850 2247 1009 2299 licebat,
1042 2249 1127 2286 tam
1158 2247 1334 2287 incertae
1365 2247 1460 2286 fidei
1486 2250 1592 2299 sunt,
1624 2250 1673 2286 ut
1704 2247 1758 2287 de

171 2306 393 2345 omnibus
434 2306 758 2345 dubitandum
795 2319 879 2346 esse
916 2307 1125 2346 Haussner
1154 2308 1180 2346 l.
1206 2309 1232 2347 l.
1264 2321 1302 2358 p.
1337 2309 1392 2347 54
1425 2308 1637 2347 censuerit.
1699 2307 1756 2346 Et

169 2366 267 2405 haec
304 2366 468 2416 quidem
501 2366 701 2405 sententia
734 2366 971 2417 probatione
1002 2367 1166 2406 minime
1198 2370 1318 2408 caret.
1380 2367 1571 2406 Alfredus
1602 2367 1755 2406 Holder

169 2425 276 2464 enim
318 2439 446 2465 unum
483 2425 809 2476 Oruquianorum
849 2426 1053 2479 codicum,
1102 2427 1262 2466 etiamsi
1304 2441 1385 2468 non
1425 2427 1754 2478 Blandinianum,

167 2485 316 2524 Diuaei
352 2485 439 2525 dico
477 2485 626 2525 librum
664 2486 749 2525 siue
788 2485 1002 2538 Carrionis,
1041 2487 1212 2526 eundem
1249 2500 1334 2527 esse
1373 2500 1419 2526 ac
1451 2487 1610 2526 Bentlei
1646 2487 1754 2525 Zuli-

168 2545 422 2585 chemianum
456 2558 629 2596 eumque
663 2546 795 2585 adhuc
825 2545 868 2584 in
898 2546 1142 2586 bibliotheca
1166 2547 1352 2587 Leidensi
1383 2547 1587 2598 integrum
1620 2548 1756 2585 extare

169 2605 321 2655 optime
350 2605 615 2645 intellexerat.
677 2606 753 2645 Est
789 2606 872 2646 cod.
910 2606 1238 2646 membranaceus
1279 2609 1362 2646 127
1396 2607 1444 2658 A,
1484 2606 1581 2645 olim
1611 2606 1756 2645 biblio-

168 2675 307 2715 thecae
332 2676 555 2716 Hulsianae
581 2689 681 2717 saec.
707 2678 797 2728 XII,
823 2677 1015 2718 foliorum
1038 2680 1136 2730 116,
1162 2691 1357 2718 uersuum
1383 2680 1556 2717 30——31
1585 2677 1627 2716 in
1655 2690 1755 2716 una-

169 2748 329 2786 quaque
361 2737 523 2792 pagina.
585 2737 745 2776 Primus
781 2737 1081 2776 accuratissime
1122 2738 1353 2777 contulerat
1390 2737 1559 2788 Holder,
1600 2739 1753 2788 postea,

170 2808 263 2834 cum
287 2795 451 2834 Holderi
482 2796 657 2836 conlatio
689 2797 856 2847 periisse
886 2796 1105 2848 uideretur,
1137 2797 1268 2836 denuo
1300 2810 1363 2835 me
1394 2797 1482 2847 ipso
1514 2797 1754 2836 adhortante

170 2854 348 2904 suscepit
383 2855 594 2907 negotium
630 2857 838 2896 Haussner
874 2856 989 2907 isque
1026 2855 1264 2895 firmissimis
1303 2856 1552 2908 argumentis
1593 2856 1754 2896 demon-

170 2914 319 2953 strauit
349 2927 398 2953 ne
430 2914 478 2954 de
510 2915 809 2956 Zulichemiano
842 2916 1002 2967 quidem
1038 2929 1130 2955 cum
1167 2916 1243 2955 fide
1274 2917 1450 2956 relatum
1480 2928 1565 2955 esse
1597 2929 1622 2955 a
1654 2916 1753 2955 Cru-

170 2974 279 3025 quio.
340 2974 441 3013 Mihi
471 2975 633 3025 quidem
656 2976 1024 3015 luculentissimum
1048 2976 1230 3016 leuitatis
1257 2975 1514 3028 Cruquianae
1541 2989 1753 3028 argumen-

240 3042 414 3069 HonA’uvs
434 3042 458 3068 Ι.
479 3042 525 3069 ed.
542 3044 565 3068 2.
1447 3054 1464 3078 ρ
