2008 3230
827 135 1116 173 PRAEFATIO.
1700 135 1766 171 LV

177 255 256 294 est:
296 252 387 292 uita
422 252 519 292 Hor.
553 247 784 304 (wormius
823 252 938 298 poeta
979 245 1141 300 lyricus'
1178 243 1290 303 etc),
1329 261 1462 301 carm„
1495 260 1530 288 a
1555 262 1607 300 p.,
1640 236 1764 300 epod„

176 327 208 354 c.
235 326 277 366 s.,
309 313 438 365 epist,
470 325 597 364 serm,
635 309 728 349 uita
758 309 855 348 Hor.
897 304 975 362 (Ro
1009 309 1205 349 Horabias
1241 309 1409 348 Flactus
1446 309 1623 348 libertino
1648 311 1766 357 patre

177 369 311 414 naias’
336 374 410 412 etc.
412 367 443 427 ),
475 370 673 423 expositio
707 369 875 409 metrica
907 364 1072 423 (decern
1104 372 1139 408 et
1167 381 1308 408 nouem
1338 363 1505 408 tantam'
1532 362 1676 422 etc)

297 444 531 494 Scripturae
561 442 781 494 im32ginem
804 441 928 481 habes
960 441 1070 492 apud
1097 440 1309 486 Chatelain
1333 426 1358 479 Ι
1380 440 1461 481 tab
1482 439 1688 479 LXXXIV
1707 457 1763 471 =

176 505 422 544 f01.31¹=
443 517 474 543 c.
500 503 543 542 H
569 504 637 543 20.

296 580 327 615 φ
358 564 485 603 nitide
526 563 714 602 exaratus
752 562 829 613 est,
868 561 937 600 sed
975 573 999 600 a
1036 561 1232 600 monacho
1270 574 1415 611 parum
1453 560 1625 600 erudito.
1689 560 1767 608 Qui

176 625 330 675 quanta
360 623 437 663 fide
469 623 672 674 exemplar
703 621 969 673 descripserit,
1002 634 1094 660 cum
1125 620 1216 660 aliis
1248 621 1347 660 locis
1378 620 1642 673 intellegitur,
1675 623 1765 660 tum

178 696 298 724 carm.
323 683 406 722 IIII
436 685 503 735 15,
525 684 569 723 5:
600 694 643 722 re
662 682 750 721 aaa
768 697 798 732 φ
821 698 877 712 =
898 676 1055 734 resstalit
1074 698 1130 712 =
1150 682 1306 726 rettulit,
1334 682 1375 720 et
1394 693 1512 719 carm.
1533 679 1597 719 III
1619 682 1686 732 11,
1707 682 1762 720 37

177 756 267 784 mar
297 746 332 783 to
352 760 408 774 =
428 755 528 782 mar.
557 745 593 781 to
614 759 670 773 ==
690 743 843 787 marito,
877 741 1052 780 euanida
1088 741 1198 780 facta
1223 742 1238 780 i
1271 740 1314 779 in
1350 740 1581 791 exemplari.
1633 739 1765 780 Codex

179 812 214 854 ψ
245 817 292 844 cx
325 803 465 843 eodem
496 801 715 854 exemplari
746 800 959 852 descripsit
990 802 1123 840 retulit
1152 802 1193 841 et
1223 803 1360 840 mario.

949 942 983 985 ψ

297 1026 332 1069 ψ
353 1035 410 1049 ---
430 1018 552 1057 codex
573 1017 699 1057 Paris.
720 1017 883 1057 membr.
909 1018 1018 1056 7971
1050 1029 1149 1056 saec.
1172 1003 1210 1055 X
1232 1016 1286 1055 in.
1308 1016 1402 1055 olim
1425 1016 1643 1056 Remensis.
1682 1016 1763 1055 Ab·

179 1077 314 1117 batiae
334 1078 517 1117 Floriaco
544 1078 595 1116 ad
614 1077 793 1128 Ligerim
818 1077 868 1115 ab
893 1076 1089 1116 Herberto
1118 1071 1168 1130 (†
1195 1070 1314 1129 992),
1347 1075 1534 1115 Gerberti
1559 1076 1601 1114 in
1628 1076 1764 1115 schola

175 1137 363 1177 Remensi
407 1137 623 1188 discipulo,
671 1136 775 1175 dono
824 1137 944 1175 datus
988 1138 1059 1176 est.
1122 1136 1207 1176 Fol.
1245 1137 1289 1175 3²
1331 1135 1478 1175 litteris
1523 1135 1759 1175 maiusculis

177 1197 372 1249 scriptum
403 1198 482 1237 est:

376 1293 458 1332 Hic
488 1293 584 1332 liber
615 1294 671 1332 est
699 1291 910 1331 Benediete
941 1294 1033 1331 taus
1062 1291 1287 1331 uenerande
1310 1302 1388 1341 per
1419 1303 1561 1332 aevum

385 1353 531 1392 Obtulit
559 1353 788 1392 Herberms.
849 1351 1000 1391 Seruus
1032 1354 1067 1390 et
1095 1352 1180 1400 ipse
1210 1354 1301 1391 tuas

383 1413 504 1462 Quem
536 1413 604 1452 tibi
634 1409 696 1452 s‘ce
718 1414 837 1461 pater
868 1413 939 1451 tali
962 1423 1041 1461 pro
1072 1423 1233 1451 mamere
1256 1423 1424 1461 poscens

382 1472 506 1512 Liber
536 1473 580 1512 in
613 1468 708 1526 [sic]
741 1474 941 1511 aeternam
964 1472 1168 1520 possideat
1199 1468 1255 1524 [P]
1281 1473 1473 1521 patriam.

292 1569 340 1608 In
371 1568 598 1620 tegumenti
624 1568 722 1607 folio
754 1567 945 1619 legimus:
976 1566 1059 1606 Iste
1091 1567 1187 1607 liber
1213 1569 1269 1606 est
1297 1563 1364 1607 Sc]
1393 1567 1504 1616 stien’
1530 1563 1590 1623 (‘?)
1621 1570 1676 1618 fel
1702 1564 1760 1624 (P)

173 1629 217 1668 F
233 1660 241 1668 .
262 1659 271 1668 .
291 1641 348 1668 ao.
371 1628 447 1677 (=
467 1625 696 1679 Rern<iyii>
716 1628 810 1677 apti
834 1626 1115 1676 Francorum).
1160 1627 1312 1676 quicuq,
1340 1640 1426 1667 eam
1444 1628 1605 1676 furatus
1629 1630 1760 1678 fuerit.

172 1690 225 1728 aff
254 1686 453 1729 saeuaffrit.
487 1688 696 1727 anathema
721 1688 781 1726 sit.
823 1687 965 1726 Altera
991 1687 1143 1738 pagina
1169 1688 1395 1738 tegumenti
1427 1688 1597 1739 legitur:

294 1758 551 1799 Constameias
581 1760 713 1799 malas
737 1771 842 1808 puer
872 1760 958 1798 siue
996 1759 1118 1798 bonas
1157 1759 1253 1798 liber
1289 1761 1345 1798 sci
1376 1759 1580 1799 Benedicti
1606 1762 1759 1801 abbatis

170 1820 397 1859 monasterii
426 1820 669 1867 floriacensis
707 1831 820 1868 quern
849 1820 974 1867 siquis
1004 1819 1165 1867 saratas
1195 1819 1317 1867 fuerit
1347 1820 1560 1859 damnatas
1590 1822 1643 1859 sit
1672 1833 1760 1861 cum

172 1881 269 1920 iada
292 1880 495 1929 proditore
525 1891 635 1918 amma
668 1881 703 1918 et
734 1882 769 1918 et
800 1874 894 1930 [sic]
928 1879 1078 1927 caipaa.

293 1939 426 1979 Codex
468 1947 502 1990 ψ
551 1939 688 1978 Remis
730 1939 962 1978 Floriacum
1006 1938 1056 1977 ad
1099 1938 1277 1989 Ligerim
1321 1938 1480 1977 delatus
1530 1940 1615 1991 est,
1665 1940 1757 1980 inde

172 1999 490 2040 Bliaudifontem
523 1992 900 2052 (Fontainebleau),
938 1998 1010 2038 ubi
1042 1997 1228 2050 signatus
1261 1999 1349 2037 erat
1379 1998 1757 2051 DCCCCLXXXH3

170 2060 227 2099 ibi
265 2059 414 2099 iterum
451 2059 679 2110 conligatus
719 2061 760 2098 et
796 2058 1023 2110 insignibus
1065 2060 1250 2109 ornatus,
1287 2060 1483 2109 regnante
1526 2057 1668 2099 Carolo
1700 2060 1757 2099 IX

170 2116 221 2172 (†
250 2113 402 2172 1574);
436 2131 515 2169 quo
542 2120 727 2169 spectant
753 2118 856 2157 duae
890 2118 919 2157 C
947 2112 1073 2172 (OO);
1105 2120 1246 2168 postea
1272 2118 1547 2158 Bliaudifonte
1580 2119 1757 2160 Parisios

168 2179 294 2231 uenit,
313 2178 385 2218 ubi
397 2191 504 2217 nunc
517 2178 560 2216 in
578 2178 821 2217 bibliotheca
834 2178 1034 2218 nationali
1048 2179 1252 2228 seruatur3
1273 2179 1334 2217 est
1353 2179 1452 2230 0,24
1467 2186 1523 2219 ><
1539 2180 1667 2230 0,185
1692 2194 1756 2233 m.,

145 2239 359 2279 -foliorum
392 2239 494 2289 221,
533 2237 732 2277 linearum
772 2240 824 2278 19
858 2238 902 2277 in
939 2238 1110 2290 singulis
1146 2238 1325 2289 paginis,
1363 2238 1622 2278 continentur
1652 2240 1753 2292 uita,

169 2299 359 2349 carmina,
386 2309 450 2336 ars
474 2297 645 2349 poetica,
672 2298 834 2349 epodoe,
866 2310 1026 2337 carmen
1052 2298 1267 2349 saeculare,
1300 2298 1510 2350 epistulae,
1543 2311 1754 2352 sermones,

170 2372 256 2410 exp.
288 2359 416 2409 metr„
446 2357 547 2396 uita.
609 2357 915 2408 Expositionem
945 2357 1155 2397 metricam
1187 2357 1312 2396 edidit
1350 2360 1392 2397 et
1423 2371 1447 2397 a
1480 2358 1621 2398 Seruio
1663 2372 1753 2400 con-

169 2431 318 2470 fectam
350 2441 433 2469 esse
458 2428 561 2468 dixit
591 2428 807 2469 Heinricus
838 2429 929 2469 Keil
961 2424 1148 2483 (gramm.
1180 2429 1269 2468 Lat.
1295 2414 1358 2468 I—V‘
1378 2443 1417 2480 p.
1444 2426 1712 2485 468—472).

288 2489 527 2540 Adscriptae
569 2490 665 2528 sunt
707 2490 864 2540 glossae
911 2489 979 2528 Fa.
1049 2489 1251 2540 Imagines
1293 2489 1440 2529 codicis
1479 2489 1602 2529 habes
1643 2492 1753 2541 apud

173 2549 471 2600 Champollion,
494 2545 686 2601 'paleogn
724 2549 792 2588 des
830 2548 1049 2600 classiques
1086 2549 1209 2588 latins
1246 2543 1403 2603 (1837)
1435 2549 1516 2588 tab.
1545 2551 1568 2590 5
1592 2567 1647 2581 =
1675 2563 1706 2589 c.
1732 2551 1753 2588 I

173 2624 210 2673 1,
238 2622 394 2672 1—19,
415 2622 457 2660 et
475 2621 585 2671 apud
605 2620 816 2660 Chatelain
840 2608 865 2659 I
887 2620 969 2660 tab.
996 2620 1203 2659 LXXXIII
1223 2637 1279 2652 =
1300 2621 1367 2660 fol.
1396 2623 1474 2660 42v
1494 2638 1550 2652 =
1571 2633 1690 2660 carm.
1710 2622 1751 2660 II

171 2682 239 2744 29,
268 2680 445 2720 11—111
474 2682 510 2733 1,
537 2682 575 2720 4.

942 2751 976 2790 F

290 2821 454 2862 Codices
479 2838 511 2874 φ
544 2825 584 2863 et
610 2832 645 2874 ψ
670 2837 743 2874 per
777 2823 914 2862 totum
939 2823 1155 2862 Horatium
1181 2835 1309 2873 paene
1335 2822 1388 2861 ad
1416 2823 1598 2874 singulas
1630 2836 1749 2863 uoces

171 2884 213 2922 et
243 2883 401 2922 litteras
431 2882 537 2922 inter
567 2896 607 2922 se
639 2883 908 2934 consentiunt,
939 2883 999 2921 ita
1029 2884 1078 2921 ut
1109 2883 1232 2922 codex
1260 2883 1293 2921 F
1325 2877 1570 2936 (Remensis)
1597 2900 1653 2914 =
1674 2892 1746 2934 φψ

170 2942 362 2983 facillime
397 2942 559 2982 restitui
583 2943 722 2995 possit,
757 2955 878 2994 quem
910 2943 981 2982 illo
1016 2942 1238 2994 scripturae
1263 2956 1418 2996 genere,
1450 2942 1559 2994 quod
1590 2955 1747 2983 semun-
