2002 3224
826 132 915 168 ΠΒ.
935 131 1014 168 ΠΗ.
1041 135 1143 169 4-5
1685 134 1771 176 247

595 244 747 298 proelia
779 244 1016 298 coniugibus
1047 245 1257 297 loquenda.

478 316 707 370 Carthagini
738 319 818 358 iam
848 329 929 357 non
961 329 1034 370 ego
1065 319 1230 357 nuntios
1365 359 1370 362 ,

475 390 631 430 mittam
663 389 877 442 superbos:
910 389 1073 444 occidit,
1105 389 1251 430 occidit
1725 399 1770 430 70

537 473 629 515 spes
661 463 791 502 omnis
823 466 863 502 et
895 462 1053 502 fortuna
1084 463 1212 502 nostri

593 534 768 574 nominis
799 532 1046 574 Hasdrubale
1079 534 1331 586 interempto.

474 617 530 657 nil
562 616 748 658 Claudiae
780 629 862 658 non
893 617 1104 670 perficient
1135 628 1296 670 manus,

474 701 572 741 quas
605 693 645 729 et
674 689 848 742 benigno
880 691 1044 730 numine
1076 689 1255 742 Iuppiter

533 761 711 801 defendit
741 766 782 802 et
813 774 931 802 curae
965 773 1126 814 sagaces
1723 771 1767 803 75

592 833 809 887 expediunt
839 845 914 887 per
945 838 1059 874 acuta
1089 830 1213 874 helli.'

947 1025 1002 1072 V.

468 1120 581 1160 Diuis
614 1125 700 1161 orte
732 1120 867 1174 bonis,
900 1126 1061 1174 optume
1093 1121 1283 1162 Romulae

469 1197 602 1233 custos
635 1194 785 1247 gentis,
818 1192 912 1233 abes
944 1194 1021 1233 iam
1054 1194 1223 1233 nimium
1256 1194 1343 1234 diu:

301 1306 352 1344 68
371 1307 562 1353 loquenda
592 1298 635 1346 S:
655 1307 766 1345 Mart.
780 1308 815 1344 V
830 1311 998 1355 25,5sq.:
1020 1320 1132 1354 quem
1153 1309 1294 1346 chartis
1314 1309 1514 1356 famaeque
1535 1310 1669 1346 damus
1696 1324 1760 1358 po-

178 1354 354 1401 pulisque
375 1355 539 1401 loquen
579 1368 664 1402 um,
684 1356 769 1402 quis
790 1356 941 1404 Stygios
961 1368 1036 1393 non
1054 1357 1138 1393 uolt
1155 1358 1259 1394 totus
1279 1357 1384 1394 adire
1403 1358 1509 1394 lacus
1530 1358 1592 1405 (cf.
1608 1371 1638 1396 c.
1655 1359 1690 1395 II
1704 1363 1760 1396 20.

179 1402 232 1439 III
250 1405 335 1449 30)?
417 1404 464 1440 70
479 1416 533 1450 sq.
561 1405 605 1441 S:
632 1404 697 1441 Sil.
717 1405 752 1440 II
771 1407 858 1441 567:
891 1404 1162 1451 occidimus,
1187 1405 1336 1452 Rutuli,
1362 1408 1471 1443 tenet
1495 1406 1623 1443 omnia
1648 1407 1761 1443 Puni—

179 1462 244 1487 cus
271 1450 372 1487 ensis
391 1452 403 1497 ΙΙ
421 1451 523 1488 idem
542 1452 612 1488 VII
632 1456 700 1488 581
716 1464 788 1498 sq.:
815 1452 1071 1499 ceciditque
1091 1483 1099 1490 .
1115 1482 1123 1491 .
1140 1482 1148 1490 .
1170 1465 1274 1501 spes
1355 1454 1401 1491 71
1430 1455 1474 1492 S:
1499 1454 1581 1492 Liu.
1603 1455 1761 1491 XXVIII

180 1502 236 1545 12,
257 1503 296 1535 6:
322 1501 411 1545 post
422 1499 674 1537 Hasdrubalis
693 1511 782 1536 uero
803 1500 1008 1537 exercitum
1028 1513 1113 1537 cum
1132 1501 1238 1548 duce,
1259 1502 1299 1537 in
1319 1502 1457 1548 quibus
1484 1513 1588 1549 spes
1613 1503 1774 1552 omnis·

177 1546 345 1593 reposita
369 1547 554 1584 uictoriae
579 1548 715 1595 fuerat,
742 1548 909 1585 deletum
935 1560 966 1585 e.
987 1561 1022 1594 q.
1045 1561 1072 1586 s.
1223 1549 1271 1587 74
1298 1550 1340 1587 S:
1367 1550 1456 1587 Tac.
1485 1562 1570 1588 ann.
1597 1551 1666 1587 IIII
1694 1555 1759 1588 64:

178 1596 330 1630 sanctos
369 1598 620 1642 acceptosque
657 1596 923 1632 numinibus
962 1596 1181 1633 Claudios
1307 1598 1355 1634 76
1389 1599 1432 1636 S:
1464 1599 1576 1646 Verg.
1604 1600 1697 1636 Aen.
1724 1600 1760 1635 II

179 1645 248 1678 632
263 1654 336 1688 sq.:
363 1643 523 1680 ducente
550 1644 620 1680 deo
645 1644 837 1680 flammam
860 1644 961 1680 inter
986 1646 1025 1680 et
1048 1645 1169 1681 hostis
1195 1645 1416 1692 expedior

296 1690 366 1727 IIII
391 1694 424 1727 5.
476 1692 568 1738 lsq.
596 1692 639 1730 S:
665 1692 776 1729 Prud.
803 1704 833 1729 c.
861 1693 1000 1738 symm,
1020 1693 1054 1729 11
1081 1697 1168 1730 298:
1199 1704 1311 1739 gens
1336 1694 1530 1730 Romula
1567 1696 1580 1742 ΙΙ
1616 1695 1757 1732 Auson.

177 1737 628 1824 {crassescens
642 1740 835 1824 aar
853 1740 1160 1826 lus-3223}
1576 1743 1758 1828 sess*

177 1833 224 1870 de
254 1846 302 1871 m.
334 1835 424 1872 Hor.
449 1836 519 1872 IIII
550 1847 586 1882 p.
606 1840 678 1872 470
747 1818 922 1873 ’1)ἰοηιθᾶ.
949 1849 985 1883 p.
1007 1840 1076 1872 527
1150 1837 1292 1875 Victor.
1319 1838 1367 1874 de
1393 1850 1441 1875 m.
1467 1838 1555 1875 Hor.
1582 1851 1618 1885 p.
1641 1843 1710 1875 175

296 1932 331 1966 Ω
350 1949 396 1961 =
416 1932 1238 1981 A‘(Aa)B'(13c')11·⁷(qoaep)Ryoxalpem]v
1357 1933 1409 1970 68
1447 1933 1597 1970 Proelia
1635 1935 1756 1972 Roaz

174 1989 326 2026 Praelia
344 1991 492 2028 AGFz
512 1984 602 2028 'plia
626 1993 732 2029 Βπα
767 1991 894 2028 Prelia
919 2006 940 2038 γ
1072 1992 1123 2029 69
1150 1992 1374 2040 Carthagini
1401 1993 1607 2040 ORydusl'
1630 1994 1758 2031 Carta-

175 2044 256 2090 gini
275 2049 355 2082 cett.
379 2045 582 2092 Kartagini
601 2058 623 2086 ς
711 2046 867 2083 nuntius
886 2047 940 2082 R1
966 2046 1123 2082 noncios
1143 2050 1162 2082 λ
1187 2046 1344 2083 nuncios
1364 2060 1388 2084 a
1489 2048 1537 2084 70
1556 2048 1690 2085 Mittat
1702 2049 1755 2085 B‘

176 2097 330 2134 Mittam
349 2102 426 2135 cett.
446 2099 490 2136 02
573 2100 620 2138 73
642 2100 750 2136 Nihil
763 2100 1141 2147 FR312'xPph.Ac.
1205 2101 1354 2137 claudie
1375 2104 1410 2138 λι
1478 2113 1555 2138 non
1579 2114 1647 2139 om.
1660 2115 1756 2150 apr.

219 2152 420 2199 perficiant
434 2153 507 2193 Ἐς
544 2154 741 2200 perficient
765 2159 843 2191 cett.
863 2155 972 2191 schol.
993 2157 1049 2200 λφ
1087 2155 1280 2201 perfitient
1305 2156 1399 2203 Pph.
1436 2156 1637 2202 perficiunt
1662 2169 1684 2196 ς
1704 2160 1756 2204 (σι

176 2208 298 2245 Twn'c.
318 2209 527 2245 Pulmawni
545 2209 607 2255 H)
631 2211 662 2255 ()
773 2208 821 2245 74
839 2208 981 2255 iupiter
1000 2209 1067 2255 Fy
1174 2209 1222 2246 76
1243 2211 1356 2246 aucta
1374 2210 1410 2246 λ’
1433 2211 1553 2258 (gloss.
1574 2212 1599 2257 l,
1624 2223 1701 2248 ‘non
1720 2214 1755 2249 λε

175 2282 181 2289 -
199 2261 234 2297 i·
261 2262 514 2309 Incrementa)
540 2264 580 2310 ()

292 2322 363 2358 IIII
389 2326 421 2358 5.
495 2323 562 2358 AD
594 2322 866 2359 AVGVSTVM
898 2312 1007 2369 (AUC
1036 2323 1066 2359 G
1103 2315 1206 2359 AU‘G}
1230 2324 1282 2369 B)
1319 2324 1384 2359 DE
1416 2324 1754 2361 EXPEDITIONE

171 2376 516 2423 (EXPEDICIONE
541 2376 588 2423 G)
621 2376 732 2412 EIVS
757 2376 924 2412 TARDA
950 2376 1091 2413 ORAT.
1120 2377 1266 2423 (ERAT
1291 2378 1329 2424 a)
1359 2378 1536 2427 PEANIS
1563 2378 1755 2424 (PEANIS

171 2430 282 2475 A'O)
315 2429 507 2478 SPECIES
540 2429 844 2466 PROSEVTICE
876 2430 1193 2467 TETRACOLOS
1225 2431 1340 2467 A'B'
1392 2432 1458 2467 AD
1492 2433 1755 2470 CAESAREM

170 2484 289 2530 (CES:
321 2483 429 2529 λ’πα)
466 2483 740 2520 AVGVSTVM
771 2483 1034 2520 ABSENTEM
1070 2485 1240 2521 Foz‘nu
1270 2487 1357 2522 add.
1383 2485 1465 2523 λἀε
1501 2486 1566 2522 DE
1606 2489 1688 2534 (om.
1715 2490 1754 2534 u)

171 2536 503 2573 EXPEDITIONE
524 2537 633 2573 EIVS
653 2537 820 2574 TARDA
840 2538 1020 2574 ORATIO
1040 2539 1217 2576 PEANIS
1238 2538 1435 2576 SPETIES
1458 2539 1670 2586 (SEPTIES
1689 2544 1729 2587 u)
1747 2563 1753 2569 ·

171 2589 470 2626 PROSEVTICE
503 2590 819 2627 TETRAOOLOS
845 2591 904 2628 λά
954 2591 1020 2627 AD
1053 2592 1346 2629 AVGVSTVM·
1374 2593 1411 2629 R
1499 2594 1567 2629 AD
1599 2594 1751 2631 AVGV-

174 2642 305 2678 STVM
331 2643 395 2678 DE
420 2644 752 2681 EXPEDITIONE
778 2645 899 2682 EIVS.
944 2646 1247 2683 PROSEVTIOE
1274 2646 1591 2683 TETRACOLOS
1617 2662 1637 2694 γ

294 2696 316 2732 1
342 2696 451 2732 Diuis
476 2698 587 2734 horte
612 2699 652 2734 F
697 2698 795 2735 Deui
821 2701 920 2735 sorte
947 2700 992 2735 01
1021 2700 1124 2746 (Diui
1151 2702 1252 2736 sorte
1276 2701 1383 2746 Αγλ)
1506 2703 1659 2747 optume
1684 2703 1751 2751 Ry

172 2760 291 2795 expos.
317 2754 418 2786 metr.
444 2752 580 2788 codicis
598 2766 619 2798 γ
645 2749 858 2790 Victorinus
871 2753 1023 2790 Seruius
1060 2753 1202 2802 optime
1222 2766 1251 2789 π
1271 2766 1304 2790 α.
1319 2765 1392 2790 ras.
1426 2754 1568 2800 optime
1589 2760 1667 2793 cett.
1682 2759 1750 2794 Ao.

172 2804 368 2839 Diomedes
401 2828 404 2831 -
440 2804 608 2841 romulae
636 2806 723 2842 0221
733 2811 852 2843 nante
870 2819 943 2844 ras.
958 2806 1025 2843 Ac.
1046 2819 1141 2843 cons.
1162 2809 1389 2854 imterpretat.
1434 2809 1579 2844 romule
1604 2809 1753 2847 A'01F

171 2858 338 2894 Rumn
352 2869 392 2903 p.
412 2869 486 2894 ras.
507 2859 520 2894 l
545 2869 665 2904 expos.
690 2865 791 2897 metr.
812 2862 914 2897 codd.
930 2874 983 2906 αγ
1003 2861 1171 2898 Diomed.
1193 2861 1371 2898 Victoria.
1392 2863 1498 2899 schol.
1520 2865 1577 2909 λφ
1625 2875 1748 2901 romu-

172 2911 256 2947 leae
282 2911 443 2958 BR2ya
462 2923 595 2949 cornu
632 2914 822 2959 romyleae
849 2914 1002 2951 Seruius
1075 2914 1098 2951 2
1125 2914 1243 2951 habes
1268 2916 1353 2962 Riy
1392 2915 1492 2952 abess
1516 2917 1554 2952 B
1621 2919 1700 2955 iam
1722 2920 1753 2957 Ο
