2002 3224
847 111 938 149 LlB.
958 112 986 149 Ι.
1015 117 1058 148 12
1684 117 1739 159 37

482 223 676 277 Regulum
709 229 749 265 et
780 225 950 266 Scauros
983 227 1216 279 animaeque
1249 240 1414 280 magnae

477 297 689 349 prodigum
720 297 887 338 Paulum
921 304 1134 350 superante
1166 299 1299 339 Poeno

479 373 614 420 gratus
646 370 797 422 insigni
827 370 1013 414 referam,
1031 383 1195 412 camena

536 440 855 494 Fabriciumque.
1693 453 1739 485 40

476 514 582 554 hune
615 518 654 554 et
686 515 900 567 incomptis
932 514 1098 556 Curium
1130 516 1284 569 capillis

475 585 614 626 utilem
646 586 749 626 bello
782 586 874 627 tulit
905 592 944 627 et
976 587 1186 628 Camillum

477 670 595 698 saeua
628 663 841 711 paupertas
874 664 914 699 et
945 661 1076 700 auitus
1109 665 1199 713 apto

534 742 624 770 cum
657 729 738 770 lare
772 731 930 771 fundus.

155 858 306 902 tempus
342 858 380 892 et
412 856 557 893 inuicta
592 858 786 894 deuictum
817 860 942 895 mente
975 859 1157 895 Catonem
1187 862 1199 906 ΙΙ
1231 859 1413 895 Boethius
1441 871 1541 897 cons.
1562 861 1597 896 II
1623 872 1735 898 earm.

158 908 189 950 7,
212 908 255 940 15
271 916 345 950 sq.:
371 904 438 940 ubi
462 917 562 941 nunc
587 905 709 941 fidelis
733 918 820 942 ossa
839 907 1005 943 Fabricii
1029 910 1202 954 manent,
1230 907 1323 953 quid
1342 908 1479 944 Brutus
1500 910 1567 944 aut
1591 908 1737 955 rigidus

156 952 272 988 Cato?
419 953 469 990 36
509 954 551 991 S:
592 954 656 989 Sil.
683 954 752 990 XlI
783 958 852 990 585
874 967 945 1000 sq.:
984 955 1061 991 iam
1097 967 1164 992 uos
1206 956 1378 1001 exemplo
1419 968 1649 1002 proauorum
1689 958 1738 993 ad.

153 1000 315 1036 nobile
340 1001 482 1036 letum
507 1004 711 1047 expectant
737 1003 782 1038 de
808 1015 911 1039 more
938 1015 1044 1040 senes
1173 1004 1239 1041 36.
1267 1004 1317 1039 38
1345 1005 1388 1041 S:
1415 1004 1479 1042 Sil.
1501 1005 1553 1040 XI
1580 1009 1666 1042 172:
1699 1007 1739 1041 et

153 1048 289 1084 Pauli
313 1049 583 1085 memorabile
610 1050 752 1085 letum
893 1051 942 1088 37
960 1064 1014 1097 sq.
1044 1052 1249 1099 ‘Regulum
1275 1073 1319 1078 —
1345 1052 1521 1088 Paulum'
1550 1054 1593 1090 T:
1620 1053 1735 1090 Prisc.

153 1096 275 1132 XVIII
296 1101 339 1131 19
441 1097 682 1143 ‘animaeque
719 1099 920 1144 prodigum
957 1100 1132 1136 Paulum²
1157 1102 1218 1136 'T:
1258 1101 1334 1137 sch.
1363 1100 1458 1137 Stat.
1479 1101 1545 1136 Th.
1573 1102 1625 1137 III
1653 1105 1735 1137 603.

154 1144 241 1180 VIII
265 1148 335 1180 406
411 1145 454 1182 S:
495 1145 561 1182 011.
590 1157 662 1181 am.
689 1147 741 1181 III
771 1151 803 1192 9,
832 1151 895 1184 64:
935 1147 1130 1193 sanguinis
1168 1150 1284 1193 atque
1324 1147 1504 1184 animae
1541 1150 1736 1196 prodige

154 1192 262 1228 Galle
287 1194 377 1228 tuae
408 1195 419 1239 ΙΙ
452 1193 553 1230 Sil.I
581 1197 668 1231 225:
706 1194 904 1241 prodiga
929 1206 1022 1241 gens
1056 1195 1235 1231 animae
1267 1198 1278 1242 ΙΙ
1310 1196 1421 1233 Prud.
1442 1208 1519 1243 per.
1539 1198 1575 1232 Π
1602 1201 1644 1233 17
1661 1209 1734 1243 sq.:

154 1241 303 1276 armata
327 1241 514 1288 pugnauit
534 1241 642 1288 fides,
668 1242 812 1289 proprii
832 1243 973 1279 cruoris
992 1243 1153 1290 prodiga
1172 1245 1184 1291 ΙΙ
1203 1244 1256 1280 III
1282 1248 1327 1280 69
1343 1256 1417 1289 sq.:
1443 1245 1606 1292 prodiga
1631 1245 1735 1281 uitae

150 1290 324 1335 tempora
343 1290 354 1335 11
375 1289 470 1326 Stat.
491 1289 556 1327 Th.
578 1290 630 1326 HI
657 1294 726 1326 602
742 1303 815 1337 sq.:
849 1291 962 1338 aequi
986 1292 1190 1338 impatiens
1216 1292 1421 1338 largusque
1448 1293 1598 1329 animae
1618 1295 1630 1341 ss
1650 1294 1735 1328 VII[

153 1340 241 1373 406:
273 1336 378 1373 uitae
409 1337 572 1383 prodiga
595 1338 716 1374 uirtus
747 1341 759 1386 ΙΙ
792 1339 894 1377 Seru.
916 1340 1126 1377 centimetr.
1147 1353 1182 1386 p.
1204 1344 1286 1386 458,
1308 1345 1370 1376 21:
1405 1342 1564 1377 Martem
1596 1341 1737 1388 fatigat

150 1384 333 1431 prodigus
364 1384 468 1421 uitae
499 1385 602 1421 furor
638 1388 650 1433 n
688 1388 875 1425 Ammian.
901 1389 1014 1425 Marc.
1041 1389 1128 1425 XVI
1158 1393 1214 1434 12,
1242 1392 1304 1425 50:
1343 1389 1543 1435 prodigere
1583 1389 1704 1426 uitam
1725 1392 1736 1437 ΙΙ

150 1432 319 1469 itinerar.
342 1433 547 1469 Alexandri
573 1446 602 1471 c.
625 1438 670 1470 53
695 1447 732 1480 p.
754 1439 810 1482 28,
832 1440 875 1472 16
892 1436 953 1473 V.:
980 1437 1080 1472 tanti
1106 1437 1288 1483 prodigus
1313 1437 1510 1483 sanguinis
1610 1438 1661 1474 38
1689 1439 1734 1476 S:

153 1480 217 1516 Sil.
237 1481 305 1516 XV
326 1485 371 1516 42
388 1493 461 1527 sq.:
486 1482 580 1518 haec
604 1484 668 1528 (sc.
688 1483 832 1529 Virtus)
851 1485 1048 1531 prodiga
1074 1485 1281 1530 Paulum,
1308 1485 1403 1521 haec
1423 1485 1557 1522 Decios
1579 1486 1734 1532 Stygias

151 1528 267 1565 Erebi
293 1529 456 1565 detrusit
481 1530 530 1565 ad
555 1530 677 1566 undas
775 1530 826 1568 40
842 1544 894 1577 sq.
922 1534 965 1569 T:
994 1532 1149 1576 Quintil.
1165 1532 1253 1569 inst.
1267 1533 1374 1569 VIIII
1393 1537 1486 1580 3,18
1558 1535 1601 1571 S:
1622 1534 1732 1581 Apul.

152 1577 198 1612 de
224 1577 354 1623 magia
379 1589 408 1614 e.
433 1582 494 1615 17:
532 1578 644 1624 longe
671 1579 884 1625 austerior,
904 1583 947 1616 ut
972 1582 1101 1627 putat,
1130 1581 1300 1617 Serranis
1327 1583 1366 1617 et
1391 1581 1512 1618 Curiis
1539 1583 1578 1618 et
1603 1583 1734 1618 Fabri-

151 1624 220 1660 ciis
257 1627 270 1672 ΙΙ
306 1625 480 1661 Aurelius
507 1626 639 1662 Victor
665 1627 814 1663 Caesar.
837 1632 892 1674 18,
916 1633 952 1665 1:
992 1628 1122 1664 Curios
1161 1631 1395 1674 aequauerat
1432 1630 1703 1676 Fabriciosque
1723 1631 1736 1680 Η

151 1673 262 1709 Mart.
282 1673 300 1708 I
326 1677 383 1719 24,
404 1677 425 1708 3
453 1673 597 1720 (Curios
619 1704 626 1712 .
644 1703 675 1711 ..
697 1675 902 1719 Camillos).
932 1677 984 1712 XI
1005 1681 1060 1722 16,
1082 1682 1102 1713 6
1128 1677 1256 1722 (Curio
1283 1677 1548 1724 Fabricioque)
1568 1680 1580 1725 Ι]
1599 1679 1673 1715 Cic.
1695 1679 1735 1715 in

149 1721 223 1757 Pis.
246 1725 302 1766 24,
324 1725 368 1756 58
388 1723 400 1768 ΙΙ
418 1733 485 1767 pro
507 1722 602 1759 Sest.
624 1726 680 1769 68,
698 1727 765 1759 143
871 1723 918 1759 41
937 1737 1016 1770 sqq.
1045 1726 1087 1762 S:
1115 1725 1225 1761 Mart.
1240 1725 1258 1760 I
1278 1729 1341 1762 24:
1368 1726 1508 1772 aspicis
1529 1726 1734 1773 incomptis

148 1768 274 1815 illum,
301 1769 484 1816 Deciane,
518 1770 684 1817 capillis,
717 1771 821 1807 euius
849 1775 887 1807 et
911 1773 993 1818 ipse
1019 1773 1131 1808 times
1156 1772 1266 1809 triste
1294 1773 1555 1820 supercilium,
1590 1775 1655 1820 qui
1680 1775 1734 1811 lo-

151 1817 282 1862 quitur
319 1817 449 1854 Curios
488 1820 769 1865 assertoresque
810 1820 1012 1856 Camillos?
1049 1822 1061 1867 1}
1098 1821 1235 1856 Lucan.
1262 1822 1279 1856 I
1313 1825 1526 1859 165—170:
1571 1822 1735 1859 fecunda

149 1865 316 1901 uirorum
347 1868 554 1911 paupertas
585 1866 731 1912 fugitur
761 1870 918 1914 totoque
950 1868 1157 1904 accersitur
1188 1869 1296 1915 orbe,
1335 1881 1408 1915 quo
1441 1881 1534 1916 gens
1561 1882 1734 1917 quaeque

147 1913 256 1959 perit.
308 1914 391 1948 tum
427 1914 560 1960 longos
599 1914 754 1961 iungere
791 1917 885 1952 fines
924 1928 1100 1962 agrorum
1139 1918 1177 1952 et
1217 1917 1409 1962 quondam
1453 1918 1546 1954 duro
1587 1919 1735 1955 sulcata

148 1961 299 1997 Camilli
324 1972 475 1998 uomere
501 1964 540 1998 et
565 1963 740 2009 antiquos
761 1964 957 2000 Curiorum
982 1976 1096 2011 passa
1122 1965 1269 2010 ligones
1296 1965 1385 2001 laxa
1412 1965 1481 2002 sub
1507 1966 1650 2012 ignotis
1671 1979 1732 2003 ex—

147 2009 302 2045 tendere
333 2021 422 2045 rura
454 2010 596 2046 colonis
637 2013 648 2058 11
685 2012 796 2058 Apul.
819 2013 916 2059 apol.
939 2014 966 2050 t.
984 2013 1020 2048 II
1046 2026 1082 2059 p.
1104 2017 1191 2049 434:
1231 2015 1438 2060 paupertas
1470 2014 1597 2060 prisca
1630 2016 1732 2061 apud

147 2057 301 2093 saecula
327 2057 493 2094 omnium
521 2058 743 2095 ciuitatium
763 2061 962 2107 conditrix,
989 2062 1157 2097 omnium
1182 2061 1322 2097 artium
1341 2062 1538 2108 repertrix,
1565 2063 1733 2099 omnium

146 2107 391 2151 peccatorum
415 2105 541 2153 inops,
575 2108 696 2143 omnis
722 2109 866 2155 gloriae
893 2109 1086 2154 munifica,
1115 2109 1259 2145 cunctis
1279 2110 1458 2146 laudibus
1480 2112 1582 2157 apud
1602 2123 1733 2148 omnes

146 2153 320 2190 nationes
357 2154 556 2200 perfuncta
592 2157 604 2202 ΙΙ
643 2156 828 2193 Stobaeus
860 2158 911 2193 III
948 2170 985 2204 p.
1019 2162 1089 2193 200
1106 2158 1173 2195 M.:
1208 2157 1439 2205 Ἀρκεσίλαος
1475 2159 1544 2205 τὴν
1585 2162 1733 2197 Πενίαν

146 2201 292 2248 λυπρὰν
319 2202 387 2248 μὲν
415 2202 539 2249 ἔλεγεν
567 2203 682 2249 εἶναι,
710 2204 832 2252 ὥσπερ
854 2206 918 2241 καὶ
937 2206 1006 2252 τὴν
1021 2205 1192 2252 Ἰθάκην,
1216 2207 1372 2253 ἀγαθὴν
1393 2207 1434 2243 δὲ
1456 2208 1730 2255 κουροτρόφον,

147 2247 350 2293 ἐθίζουσαν
383 2256 553 2287 συνεῖναι
585 2252 747 2298 λιτότητι
779 2253 843 2289 καὶ
870 2256 1048 2304 καρτερίᾳ
1075 2254 1140 2290 καὶ
1165 2254 1336 2291 καθόλου
1362 2254 1571 2302 γυμνάσιον
1598 2257 1734 2303 ἀρετῆς

149 2297 362 2344 ἔμπρακτον
459 2298 508 2335 41
535 2301 577 2336 T:
605 2300 747 2338 Charis.
770 2305 838 2337 104
890 2302 990 2338 Seru.
1013 2303 1061 2337 ad
1081 2302 1173 2339 Aen.
1196 2303 1263 2338 XII
1290 2307 1358 2338 100
1459 2304 1501 2341 S:
1533 2304 1731 2342 claudian.

146 2346 186 2381 in
211 2346 296 2382 Rus.
323 2346 340 2381 Ι
366 2350 452 2383 203:
491 2349 530 2383 et
567 2359 656 2384 casa
693 2360 885 2396 pugnaces
924 2349 1100 2386 Ourios
1139 2352 1303 2396 angusta
1337 2351 1495 2398 tegebat
1592 2352 1643 2389 42
1684 2354 1730 2391 S:

148 2393 252 2430 Oros.
272 2394 341 2429 IIII
369 2399 455 2440 1,1:
493 2395 594 2431 bello
632 2396 745 2432 utiles
783 2398 885 2434 caesi
922 2400 933 2443 ΙΙ
973 2398 1040 2435 011.
1068 2410 1139 2435 am.
1167 2399 1266 2435 113:
1303 2410 1380 2435 non
1416 2399 1579 2436 fortibus
1618 2401 1728 2437 utilis

147 2441 261 2477 armis
410 2442 460 2478 43
476 2455 530 2489 sq.
570 2444 611 2481 S:
651 2445 762 2482 Prud.
789 2457 818 2482 c.
847 2446 984 2492 Symm.
1011 2447 1045 2482 II
1074 2450 1160 2483 612:
1200 2458 1329 2483 omnes
1366 2447 1446 2483 lare
1482 2448 1727 2485 conciliemur

147 2489 252 2527 auito
272 2491 284 2535 ss
304 2490 387 2526 Sen.
407 2491 515 2527 Herc.
535 2491 605 2528 fur.
628 2497 696 2529 196
711 2506 784 2539 sq.:
810 2505 870 2530 me
894 2506 980 2531 mea
1006 2494 1118 2531 tellus
1138 2495 1218 2531 lare
1245 2497 1390 2532 secreto
1411 2498 1571 2542 tutoque
1591 2499 1701 2543 tegat
1720 2499 1731 2545 Η

146 2538 283 2574 Lucan.
311 2538 343 2573 V
375 2542 444 2574 527
466 2551 538 2585 sq.:
583 2552 603 2576 o
648 2541 752 2577 uitae
795 2544 882 2578 tuta
925 2542 1090 2579 facultas
1134 2543 1313 2589 pauperis
1358 2545 1588 2590 angustique
1634 2545 1725 2581 laris

270 2684 305 2717 ,Ω
325 2701 368 2713 =
389 2684 468 2719 AB
481 2684 1061 2734 ΟΒῈ(φψ)Εγδλ’(λῖ)νπαα]
1118 2687 1166 2723 37
1196 2687 1321 2724 anime
1347 2689 1360 2724 Z
1432 2689 1521 2734 que]
1549 2700 1632 2733 quae
1658 2690 1682 2724 ὃ

148 2746 286 2780 magne
313 2738 364 2772 A1
464 2737 514 2774 38
540 2750 636 2784 peno
664 2741 686 2774 δ
783 2739 834 2776 39
860 2740 1009 2787 gratus]
1038 2741 1207 2776 Stratum
1227 2743 1263 2777 B
1300 2742 1420 2777 Ratus
1446 2743 1483 2778 R
1581 2741 1632 2779 40
1658 2743 1728 2779 Fa-

148 2788 306 2824 britium
330 2803 351 2835 γ
389 2790 590 2827 Fabricum
615 2793 655 2828 D
664 2799 827 2838 pr.aut1
844 2806 890 2839 qn
1037 2792 1086 2829 41
1126 2794 1234 2830 Nunc
1262 2795 1457 2831 Fnaffas.
1495 2795 1631 2832 Nhunc
1662 2803 1729 2834 aut

148 2842 282 2879 Nhunc
308 2845 331 2879 δ
367 2843 439 2879 Hic
464 2845 565 2882 Seru.
652 2846 855 2893 incomptis
883 2848 1036 2884 SZSeru.
1053 2848 1198 2885 Charis.
1213 2850 1284 2885 sch.
1300 2863 1352 2894 γν
1389 2849 1550 2886 intonsis
1579 2851 1726 2899 Quinti—

149 2899 275 2934 lianus
373 2896 423 2933 43
451 2898 548 2934 Seua
573 2899 691 2945 yk'vu
765 2901 890 2937 auitus
917 2914 983 2938 om.
1004 2904 1044 2938 δι
1059 2907 1124 2939 aut
1131 2915 1192 2949 pr.
1291 2902 1342 2939 44
1366 2903 1493 2940 fundis
1519 2905 1555 2939 B
