2002 3224
842 143 932 181 LIB.
954 142 1034 179 1111.
1061 145 1082 177 8
1667 141 1754 183 259

464 256 605 297 sollers
637 269 743 297 nunc
774 256 977 296 hominem
1010 267 1178 309 ponere,
1209 267 1317 294 nunc
1349 254 1479 294 deum.

461 329 530 368 sed
565 342 644 369 non
676 329 773 368 haec
805 328 904 368 mihi
935 329 1016 382 uis,
1052 339 1132 367 non
1164 326 1238 367 tihi
1269 326 1407 367 talium

462 413 526 441 res
559 406 621 441 est
653 406 719 441 aut
751 402 907 440 animus
939 399 1172 440 deliciarum
1204 411 1338 452 egeus.
1713 406 1756 437 10

460 473 610 525 gaudes
642 473 904 526 carminibus3
938 474 1114 513 carmina
1145 483 1361 524 possumus

462 545 609 585 donare
642 550 682 585 et
712 546 888 598 pretium
920 544 1054 583 dicere
1086 544 1256 583 muneri.

462 630 541 657 non
574 618 700 657 incisa
730 617 837 656 notis
869 627 1067 656 marmora
1098 614 1289 668 publicis,

462 701 535 741 per
567 700 668 741 quae
702 688 867 740 spiritus
899 692 939 726 et
970 688 1053 726 uita
1085 685 1191 725 redit
1221 685 1337 725 honis

463 765 553 813 post
583 764 753 799 mortem
786 758 974 812 ducibus,
1006 770 1086 798 non
1119 756 1272 798 celeres
1304 757 1419 809 fugae
1714 766 1755 797 15

464 833 715 884 reiectaeque
748 836 969 871 retrorsum
1001 829 1235 870 Hannibalis
1268 830 1417 883 minae,

464 917 544 944 non
576 904 760 944 incendia
793 903 1043 956 Carthaginis
1075 904 1220 956 impiae

294 1098 342 1134 11
360 1109 442 1144 sqq.
464 1098 510 1135 8.
537 1098 649 1134 Mart.
664 1097 734 1134 VII
755 1100 812 1143 84,
827 1100 939 1133 3—8:
965 1095 990 1142 i,
1009 1095 1118 1140 liber,
1140 1095 1189 1131 ad
1210 1095 1383 1132 Geticam
1402 1095 1550 1132 Peucen
1571 1095 1757 1131 Histrum-

173 1157 246 1192 que
265 1146 470 1182 iacentem:
490 1146 585 1182 haec
605 1145 689 1181 loca
707 1144 932 1191 perdomitis
952 1143 1131 1198 gentibus
1151 1143 1217 1179 ille
1237 1145 1353 1181 tenet.
1383 1155 1504 1190 parua
1525 1144 1635 1179 dabis
1656 1155 1755 1190 caro,

173 1195 239 1231 sed
264 1193 392 1230 dulcia
423 1194 524 1230 dona
557 1193 680 1230 sodali
712 1193 772 1239 (cf.
798 1192 911 1228 huius
937 1191 1115 1227 carminis
1146 1204 1208 1228 uu.
1236 1196 1268 1228 1.
1296 1194 1349 1239 2)·
1388 1191 1526 1228 certior
1556 1192 1596 1227 in
1626 1194 1756 1228 nostro

173 1242 339 1278 carmine
376 1242 505 1278 uultus
546 1242 635 1287 erit3
674 1241 824 1277 casibus
866 1240 928 1276 hic
964 1239 1097 1286 nullis,
1126 1239 1242 1275 nullis
1280 1239 1454 1276 delebilis
1493 1240 1602 1276 annis
1640 1240 1757 1287 uiuet,

176 1290 376 1336 Apelleum
401 1302 486 1326 cum
511 1289 692 1326 morietur
716 1301 811 1336 opus
926 1287 975 1324 18
1003 1288 1045 1325 S.
1072 1287 1288 1333 Hieronym.
1309 1288 1396 1325 adu.
1422 1288 1599 1323 Rufinum
1626 1293 1665 1325 3:
1691 1288 1758 1324 ιιι-

174 1339 273 1374 cisa
297 1337 504 1384 publicis
529 1337 668 1374 litteris
694 1348 783 1373 aera
809 1347 1011 1384 cognosces
1098 1334 1148 1371 14
1163 1347 1218 1382 sq.
1245 1336 1289 1373 8.
1327 1336 1434 1373 Pind.
1460 1336 1504 1373 fr.
1533 1339 1595 1372 98:
1621 1335 1758 1384 πρέπει

173 1385 210 1422 δ’
241 1385 403 1424 ἐσλοῖσιν
445 1387 654 1446 ὑμνεῖσθαι
688 1386 902 1426 καλλίσταις
933 1385 1099 1426 ἀοιδαῖς·
1136 1390 1246 1421 τοῦτο
1281 1384 1352 1431 γὰρ
1388 1384 1602 1426 ἀθανάτοις
1632 1390 1759 1432 τιμαῖς

173 1434 382 1481 ποτιψαύει
406 1432 537 1481 μόνον.
574 1433 739 1484 θνᾴσκει
764 1432 806 1470 δε
833 1432 994 1479 σιγαθὲν
1019 1432 1136 1469 καλὸν
1163 1431 1273 1487 ἔργον
1289 1432 1452 1487 llLucan.
1467 1433 1573 1469 VIIII
1598 1436 1669 1469 980
1683 1445 1756 1479 sq.:

173 1495 194 1519 o
222 1494 328 1519 sacer
353 1484 393 1518 et
417 1494 578 1528 magnus
604 1471 737 1518 uatum
762 1482 881 1518 labor.
933 1480 1060 1517 omnia
1087 1480 1168 1517 fato
1201 1480 1300 1526 erip
1307 1480 1346 1516 is
1379 1481 1440 1527 (cf.
1469 1494 1503 1517 u.
1526 1483 1587 1527 25)
1621 1483 1661 1518 et
1690 1493 1756 1528 po-

171 1531 272 1578 pulis
300 1531 418 1566 donas
443 1530 668 1566 mortalibus
695 1541 831 1566 aeuum
850 1531 862 1575 1!
881 1528 1006 1575 Apoll.
1034 1528 1111 1565 Sid.
1139 1539 1252 1565 carm.
1273 1533 1306 1575 2,
1327 1531 1397 1564 312
1418 1541 1492 1575 sq.:
1518 1529 1652 1565 funera
1679 1541 1756 1566 ser-

172 1581 240 1615 uat
265 1581 399 1615 cantus
425 1580 464 1614 et
489 1580 642 1614 aeterno
669 1577 805 1614 uiuunt
836 1577 876 1612 in
905 1576 1069 1613 carmine
1100 1578 1241 1613 mortes
1365 1575 1416 1613 14
1443 1578 1486 1615 S:
1521 1577 1634 1624 Verg.
1661 1579 1753 1614 Aen.

173 1627 225 1663 VI
241 1631 309 1668 847
320 1638 393 1672 sq.:
421 1627 608 1663 excudent
627 1625 695 1662 alii
715 1625 952 1672 spirantia
970 1623 1123 1660 mollius
1143 1636 1233 1660 aera
1252 1625 1378 1672 (credo
1399 1590 1624 1672 equidem),g
1623 1626 1756 1662 uiuos

173 1675 313 1711 ducent
338 1675 385 1710 de
410 1685 597 1711 marmore
623 1674 748 1710 uoltus
848 1673 898 1710 15
923 1674 966 1710 8·
994 1671 1060 1709 Sil.
1085 1673 1192 1708 XVII
1218 1676 1287 1709 147
1307 1684 1380 1720 sq.:
1406 1674 1596 1719 notusque
1621 1674 1756 1720 fuga-

171 1735 267 1759 rum
287 1752 295 1760 .
312 1751 320 1760 .
336 1753 344 1760 .
364 1722 583 1759 Hasdrubal
607 1724 619 1770 ΙΙ
649 1722 755 1758 XIIII
775 1725 862 1758 557·
888 1722 1104 1766 mortesque
1129 1720 1360 1767 fugaeque

291 1916 391 1951 ,Ω--τ
412 1914 900 1962 Α”<Αα)Β1ῗ’(φψ)Βγὸλ
904 1915 1058 1962 (λῖ)πα]
1122 1913 1145 1950 8
1167 1913 1307 1950 Sollers
1328 1916 1364 1950 Ω,
1401 1914 1525 1951 Solers
1550 1916 1658 1953 schol.
1673 1930 1702 1962 φ
1723 1917 1755 1963 ()

218 1989 244 2024 9
270 1988 337 2024 Set
360 2001 381 2033 γ
425 1988 495 2023 hec
520 1988 607 2034 Λιφ
651 1999 719 2024 nec
745 1987 818 2023 tibi
844 1989 897 2026 ὃς
922 1998 999 2022 ιιοιι
1023 1985 1096 2022 tibi
1121 1990 1199 2023 cett
1227 1972 1395 2062 P10h.()v
1453 1987 1503 2024 10
1537 1989 1618 2036 aut]
1634 1973 1698 2024 aut
1732 1990 1756 2024 ὃ

220 2058 552 2096 delitiarumAdu
577 2059 842 2096 diliciarumB
897 2059 947 2095 11
970 2058 1170 2119 Gaudesssss
1189 2061 1247 2105 λψ
1284 2070 1477 2105 possimus
1503 2060 1517 2096 Ζ
1596 2059 1647 2096 12
1673 2072 1755 2107 pre-

171 2112 271 2149 cium
296 2125 321 2150 a
407 2113 554 2150 muneri
583 2115 619 2149 Ω
644 2115 738 2161 Pph.
763 2115 832 2151 Ac.
870 2112 1036 2149 muneris
1062 2123 1084 2151 ς
1111 2115 1153 2160 (μ
1170 2115 1269 2160 nar.)
1294 2115 1372 2150 uid.
1400 2114 1560 2162 Epileq..
1624 2114 1674 2151 13
1699 2115 1755 2151 in-

172 2166 271 2203 scisa
297 2168 310 2202 l
335 2172 420 2205 ante
445 2179 519 2204 ras.
557 2167 720 2213 publicis
747 2169 783 2204 Ω,
807 2169 916 2205 schol.
941 2181 962 2213 γ
999 2165 1156 2213 publica
1180 2167 1276 2214 Pph.
1416 2179 1480 2204 un.
1508 2166 1658 2205 14-17
1686 2171 1754 2207 del.

170 2222 309 2258 Peerlk.
410 2219 460 2256 14
487 2221 633 2266 Perque
658 2221 764 2268 Apr.
802 2221 972 2270 Perssque
997 2234 1026 2256 π
1134 2233 1198 2258 uu.
1221 2221 1271 2258 15
1297 2233 1374 2258 non
1399 2243 1444 2249 —
1467 2221 1518 2258 19
1544 2222 1660 2259 rediit
1685 2225 1753 2261 del.

171 2275 390 2312 Lachmann
478 2274 528 2311 15
555 2275 688 2311 celeris
708 2275 800 2322 fuga
819 2275 905 2312 ΑΒ
913 2273 942 2311 λ’
982 2275 1122 2311 celeres
1141 2275 1231 2322 fuge
1251 2276 1289 2312 R
1327 2276 1467 2312 celeres
1486 2276 1602 2323 fugae
1623 2282 1702 2316 cett.

170 2341 207 2366 u.
229 2329 277 2366 17
306 2330 375 2365 del.
395 2329 517 2365 Bentl.
539 2330 585 2374 cf.
602 2333 750 2376 praeter
769 2340 813 2366 ea
831 2340 923 2376 quae
939 2330 981 2365 in
999 2329 1147 2377 Epiley.
1168 2331 1404 2376 exposuimus
1422 2330 1559 2376 Porph.
1581 2332 1631 2368 ad
1649 2343 1752 2369 serm.

170 2383 206 2419 11
240 2387 272 2428 1,
295 2386 339 2418 16
359 2394 409 2429 sq.
450 2387 483 2419 et
519 2383 561 2419 τὸ
593 2383 741 2430 ἀξίωμα
772 2381 1103 2430 συμπεπλεγμένον
1134 2385 1244 2430 >apud
1276 2384 1437 2422 Gellium
1468 2383 1554 2420 XVI
1580 2388 1613 2432 8,
1641 2390 1686 2422 10
1704 2399 1755 2434 sq.

170 2437 236 2473 ubi
271 2437 359 2472 haec
397 2437 568 2483 leyimns:
609 2436 669 2473 ‘R
698 2436 824 2483 Scipio
854 2437 962 2472 Pauli
992 2436 1092 2473 filius
1123 2438 1163 2473 et
1192 2436 1252 2473 bis
1286 2436 1417 2473 consul
1447 2437 1522 2473 fuit
1554 2440 1592 2474 et
1622 2439 1754 2475 trium-

168 2489 305 2536 phauit
329 2491 369 2526 et
393 2501 551 2526 censura
575 2490 727 2526 functus
754 2492 813 2526 est
838 2492 877 2526 et
902 2491 1061 2538 conlega
1086 2490 1127 2526 in
1153 2502 1311 2527 censura
1333 2491 1373 2528 L.
1390 2490 1549 2527 Mummi
1573 2491 1674 2528 fuit)
1714 2494 1754 2529 in

170 2545 271 2580 omni
297 2545 424 2580 autem
450 2543 649 2580 coniuncto
677 2544 709 2580 si
734 2556 849 2580 unum
869 2547 928 2581 est
946 2545 1197 2591 mendacium,
1223 2543 1376 2581 etiamsi
1397 2546 1523 2581 cetera
1543 2557 1633 2582 uera
1654 2550 1753 2594 sunt,

172 2599 295 2634 totum
321 2608 402 2634 esse
427 2598 668 2634 mendacium
694 2598 845 2636 dicitur.
889 2610 976 2634 nam
994 2598 1037 2634 ni
1063 2599 1113 2635 ad
1138 2610 1184 2635 ea
1209 2598 1356 2645 omnia,
1383 2610 1480 2644 quae
1506 2599 1553 2635 de
1580 2600 1754 2646 Scipione

171 2652 238 2687 illo
264 2662 355 2688 uera
387 2652 483 2698 dixi,
519 2653 701 2689 addidero
730 2654 785 2688 ‘et
809 2652 1063 2688 Hannibalem
1089 2652 1130 2688 in
1153 2652 1283 2688 Africa
1309 2652 1535 2698 superauit’,
1568 2654 1669 2698 quod
1696 2657 1755 2691 est

172 2705 330 2750 falsum,
361 2705 538 2742 uniuersa
571 2718 720 2752 quoque
751 2707 836 2754 illa,
869 2717 967 2752 quae
999 2706 1198 2742 coniuncte
1224 2706 1330 2742 dicta
1361 2708 1464 2752 sunt,
1497 2709 1653 2753 propter
1683 2708 1755 2745 hoc

172 2770 306 2803 unum,
334 2759 435 2803 quod
466 2759 605 2795 falsum
637 2761 856 2807 accesserit,
887 2760 979 2805 quia
1005 2759 1116 2795 simul
1149 2760 1332 2806 dicentur,
1365 2771 1457 2795 uera
1487 2771 1562 2796 non
1595 2764 1705 2798 erunt

171 2812 213 2848 in
237 2811 437 2857 dispendia
463 2812 507 2848 G.
528 2810 724 2850 Hermann
772 2814 967 2860 impendia
994 2813 1226 2861 Owninyham
1264 2813 1456 2860 stipendia
1475 2814 1623 2864 Doriny
1665 2816 1754 2853 kar-

171 2865 340 2912 thaginis
365 2866 403 2902 R
447 2865 660 2911 kartaginis
685 2868 782 2914 Βγδ
820 2867 1027 2915 cartaginis
1053 2881 1082 2903 π
1119 2867 1353 2915 carthaginis
1379 2872 1458 2906 cett.
1497 2868 1600 2919 inpie
1626 2873 1646 2906 λ
1683 2871 1753 2907 ιιιι-

170 2919 257 2967 piae
283 2923 361 2957 cett.

1392 2984 1463 3020 17*
