2002 3224
868 149 912 181 12
1349 157 1354 163 ·
1592 142 1679 186 317

347 260 490 300 Lesbia
524 260 731 312 quaerenti
762 264 921 298 taurum
953 258 1192 298 monstrauit
1223 258 1412 310 inertem,

421 345 513 372 cum
544 331 643 371 mihi
675 331 780 371 Cous
814 330 972 370 adesset
1002 330 1207 384 Amyntas,

348 405 463 444 cuius
495 405 538 443 in
568 403 762 442 indomito
795 403 1040 442 constantior
1071 403 1234 454 inguine
1267 412 1432 452 neruos,

421 488 540 528 quam
571 487 675 515 noua
707 473 874 514 collibus
907 473 1026 513 arbor
1056 473 1248 513 inhaeret.
1637 480 1683 511 ‘20

348 547 570 587 muricibus
602 547 732 599 Tyriis
764 548 930 585 iteratae
962 545 1111 585 uellera
1144 545 1256 585 lanae

421 621 485 659 cui
516 615 863 671 properabantur?
903 617 978 656 tibi
1009 629 1175 671 nempe,

349 704 398 731 ne
430 691 533 730 foret
565 689 741 742 aequalis
773 691 879 729 inter
910 690 1093 742 conuiua7
1124 690 1250 741 magis
1277 700 1396 741 quem

422 762 608 814 diligeret
638 761 784 802 mulier
817 774 887 801 sua
921 773 1038 813 quam
1070 765 1122 800 te.

350 848 372 875 o
405 847 477 887 ego
509 846 590 874 non
622 834 728 888 felix,
761 846 879 886 quam
909 838 955 873 tu
986 833 1090 885 fugis
1122 837 1167 873 ut
1197 837 1316 885 pauet
1348 833 1451 872 acris
1636 839 1683 871 25

423 919 522 959 agna
553 906 668 959 lupos
701 918 945 958 capreaeque
979 901 1143 945 leones.'

221 1106 272 1142 21
300 1106 344 1143 S:
371 1105 466 1142 Stat.
488 1118 516 1143 s,
536 1105 588 1141 111
608 1109 640 1151 2,
657 1109 724 1140 139
740 1116 813 1149 sq.:
839 1116 1007 1150 purpura
1025 1104 1111 1140 fuco
1138 1104 1304 1140 Sidoniis
1329 1103 1505 1140 iterata
1531 1102 1637 1139 cadis

102 1154 153 1191 22
180 1154 223 1192 S:
251 1154 346 1190 Stat.
374 1165 401 1190 s.
428 1153 498 1188 IIII
525 1158 557 1199 1,
579 1157 641 1190 22:
675 1155 714 1188 et
743 1154 995 1198 properata
1019 1154 1110 1188 tuae
1135 1152 1311 1188 manibus
1338 1153 1586 1198 praetexta
1611 1150 1681 1186 Mi-

103 1213 242 1239 neruae
284 1204 298 1248 11
337 1202 439 1237 Seru.
468 1201 516 1236 ad
540 1212 667 1248 georg.
683 1200 753 1235 IIII
773 1204 858 1236 170:
896 1199 1058 1235 fulmina
1094 1202 1300 1246 properant
1337 1201 1487 1235 uetuste
1527 1199 1599 1245 ait,
1644 1200 1687 1234 ut

102 1251 279 1286 Plautus:
314 1250 541 1296 ‘properant
570 1248 790 1295 prandium’
923 1247 973 1283 25
989 1260 1043 1293 sq.
1072 1248 1115 1285 S:
1148 1248 1304 1285 Theoer.
1326 1251 1382 1293 11,
1399 1251 1462 1284 24:
1495 1247 1688 1293 φεύγεις

104 1297 143 1334 δ’
162 1298 309 1343 ὥσπερ
342 1297 411 1339 ὄις
435 1297 567 1333 πολιὸν
599 1297 736 1332 λύκον
768 1295 972 1341 ἀθρήσασα
1003 1297 1015 1342 ΙΙ
1047 1295 1154 1332 Hom.
1175 1296 1218 1332 Il.
1239 1296 1291 1331 XI
1311 1298 1398 1331 383:
1427 1297 1470 1331 οῖ’
1487 1293 1528 1330 τέ
1554 1307 1593 1330 σε
1619 1308 1686 1330 πε-

105 1345 263 1393 φρίκασι
288 1343 419 1381 λέονθ’
438 1345 486 1386 ὡς
512 1344 678 1391 μηκάδες
703 1343 806 1390 αἶγες
824 1345 837 1390 ss
854 1343 1078 1390 Diogenian.
1093 1344 1145 1379 VI
1166 1347 1229 1380 59:
1256 1344 1305 1390 μὴ
1331 1343 1425 1390 πρὸς
1445 1341 1577 1379 λέοντα
1598 1344 1685 1389 δορ-

105 1395 174 1436 κὰς
206 1394 365 1440 ἅψωμαι
396 1392 517 1439 μάχης
540 1394 553 1439 ΙΙ
580 1392 646 1429 Ou.
673 1395 761 1428 met.
788 1393 805 1427 Ι
831 1395 900 1427 505
916 1404 969 1437 sq.
1004 1391 1068 1427 ubi
1094 1391 1232 1438 Apollo
1258 1391 1445 1437 Daphnen
1475 1390 1687 1437 fugientem

105 1441 362 1478 sicinuocat:
394 1440 572 1487 Nympha
604 1443 731 1476 mane!
766 1439 831 1475 sic
863 1451 981 1487 agna
1011 1440 1185 1486 lupum,
1219 1439 1284 1475 sic
1318 1450 1453 1475 cerua
1486 1439 1685 1485 leonem,

105 1491 159 1525 sic
195 1489 364 1535 aquilam
402 1490 520 1534 pinna
556 1488 710 1534 fugiunt
747 1487 963 1533 trepidante
1002 1487 1198 1523 columbae
1303 1487 1354 1523 25
1384 1488 1420 1523 ‘0
1434 1487 1612 1533 -fugis’
1641 1487 1685 1523 T:

104 1537 296 1574 Charisius
322 1549 358 1583 p.
382 1540 449 1571 158
477 1538 516 1572 et
543 1535 672 1583 [Marii
695 1535 897 1582 Victorini]
923 1537 1078 1571 tractat.
1106 1536 1152 1571 de
1178 1535 1356 1571 finalibus
1375 1535 1427 1570 Vl
1452 1549 1488 1582 p.
1513 1539 1581 1570 242
1595 1535 1637 1572 K.

106 1587 143 1621 ‘o
170 1597 239 1632 ego
265 1585 413 1620 infelix’
442 1585 485 1620 T:
519 1583 648 1632 [Marii
673 1583 875 1631 Victorini]
902 1585 1055 1620 tractat.
1083 1584 1129 1619 de
1155 1583 1332 1619 finalibus
1358 1583 1409 1619 VI
1435 1596 1471 1629 p.
1494 1587 1563 1619 230
1579 1583 1622 1618 K.
1650 1584 1688 1618 et

105 1635 281 1679 excerpta
307 1644 352 1668 ex
378 1631 547 1668 Charisio
573 1644 609 1677 p.
632 1635 700 1667 557
714 1632 758 1668 Κ.
810 1632 852 1668 S:
887 1632 1025 1667 consol.
1048 1632 1096 1667 ad
1116 1631 1263 1667 Liuiam
1283 1643 1319 1668 u.
1339 1635 1424 1667 145:
1450 1631 1576 1666 iamne
1603 1642 1686 1677 ego

104 1693 192 1717 non
217 1680 333 1717 felix
358 1692 389 1716 e.
410 1692 446 1725 q.
468 1692 494 1717 s,
516 1682 528 1726 11
548 1680 658 1716 Prud.
678 1679 808 1725 pei-ist.
828 1679 862 1715 V
880 1683 927 1714 42
1002 1679 1048 1716 cf.
1075 1678 1448 1724 Pseudophiloxenus
1475 1691 1511 1724 p.
1529 1682 1608 1725 143,
1624 1684 1688 1714 36.-

104 1731 237 1777 pauet:
263 1727 451 1774 pauescit:
480 1732 592 1764 πτοεῖ

233 1907 1255 1956 52=A‘(Aa)B‘<BG)F(q2112>Rya‘<3d)2‘(zz>nu]
1306 1907 1689 1953 17querenti76'nu

158 1976 195 2000 u.
217 1964 267 2000 18
293 1975 360 2000 om.
386 1963 416 1999 Ο
431 1975 491 2009 pr.
585 1962 702 1998 michi
726 1974 752 1997 u
845 1961 960 1997 chous
990 1961 1156 1998 Fa'a‘n
1181 1973 1315 1998 cornu
1364 1973 1454 1997 caus
1481 1962 1639 2007 Rmpr.

720 2018 741 2036 V

107 2047 272 2083 amintas
297 2047 470 2093 yl'wdlu
568 2046 617 2081 19
643 2045 798 2091 iungine
824 2046 861 2080 B
954 2056 1089 2081 neruos
1116 2046 1222 2082 Rmn
1273 2057 1411 2081 neruus
1437 2050 1515 2082 cett.
1532 2045 1640 2080 Rem

105 2101 157 2137 20
181 2100 330 2136 inheret
354 2101 530 2147 Fya'nu
627 2099 676 2134 21
703 2098 803 2134 titiis
829 2099 928 2144 Ayu
1024 2099 1161 2135 iterate
1187 2099 1258 2136 Aa
1355 2099 1406 2134 22
1433 2099 1688 2145 properaban-

106 2158 169 2190 tur
187 2154 488 2200 B'FRzya'nu
503 2155 570 2190 Ac.
585 2155 690 2190 schol.
706 2155 758 2199 yb
777 2154 884 2189 schol.
900 2157 955 2199 λφ
994 2153 1296 2199 properabuntur
1315 2154 1448 2190 A'Rn
1463 2157 1510 2199 (et
1527 2155 1564 2200 9)
1598 2156 1687 2200 ppa-

106 2209 291 2244 rabuntur
317 2209 345 2244 ll
366 2212 432 2244 aut
445 2220 506 2254 pr.
543 2207 804 2254 §parabantur
824 2208 853 2243 12
867 2212 935 2243 aut
953 2218 1043 2243 corr.
1059 2208 1098 2252 ()
1189 2207 1240 2242 23
1261 2207 1431 2252 aequalis
1452 2207 1690 2243 B'Rd'z'vra

107 2275 190 2299 παν.
211 2262 303 2308 Pph.
343 2261 489 2307 equalis
515 2275 536 2308 γ
575 2260 714 2305 aliquis
741 2260 792 2295 A'
833 2260 1011 2305 aequales
1039 2261 1080 2296 F
1113 2261 1266 2306 equales
1292 2274 1319 2297 u
1461 2260 1637 2296 conuiuia
1662 2273 1690 2295 π

109 2321 193 2352 a‘nte
217 2327 291 2352 ras.
342 2315 477 2351 couiua
501 2328 527 2351 u
632 2315 683 2351 25
708 2327 785 2350 non
808 2314 900 2350 felix
921 2316 956 2349 ,Ω
995 2313 1127 2349 infelix
1148 2314 1341 2351 Charisius
1361 2319 1506 2351 tractat.
1527 2316 1570 2351 de
1594 2316 1689 2360 sina-

110 2371 206 2406 libus
218 2369 269 2405 VI
286 2381 323 2415 p.
340 2373 426 2414 2303
452 2371 556 2416 yloss.
573 2369 726 2414 B'Mpbz
745 2370 897 2414 interpr.
915 2369 1004 2403 ‘non
1022 2368 1138 2417 felix]
1151 2367 1279 2415 (idest)
1304 2368 1451 2403 infelix’
1578 2380 1690 2413 quem

113 2423 308 2460 Charisius
333 2428 366 2459 et
392 2424 743 2460 Pseudouictori‘nus
836 2433 940 2457 acres
967 2422 1068 2468 Fyu
1110 2421 1207 2457 aeris
1233 2427 1311 2459 cett.
1429 2422 1480 2458 26
1507 2433 1641 2468 eapree
1668 2436 1688 2467 γ

110 2488 269 2523 capraee
296 2477 330 2512 λ’
385 2488 521 2523 caprae
548 2478 619 2512 Fac
