2002 3224
262 174 320 215 30
806 176 991 212 HORATI
1017 176 1282 214 CARMINVM

635 299 810 341 morosa,
842 300 947 328 nunc
979 294 1018 328 et
1050 302 1212 342 campus
1245 296 1284 330 ct
1315 303 1428 329 areae

694 358 883 411 lenesque
917 359 989 399 sub
1022 365 1179 401 noctem
1213 363 1368 402 susurri

754 432 971 482 composita
1004 436 1234 483 repetantur
1265 433 1378 485 hora,
1779 441 1827 474 20

635 513 739 541 nunc
772 506 811 541 et
843 501 1001 542 latentis
1033 503 1212 555 proditor
1247 505 1399 543 intumo

635 577 770 623 gratus
802 572 955 625 puellae
987 575 1093 613 risus
1127 574 1174 614 ab
1207 575 1350 627 angulo

694 645 916 697 pignusque
949 645 1156 698 dereptum
1188 646 1348 686 lacertis

752 721 819 755 aut
851 716 973 768 digito
1005 716 1105 756 male
1137 719 1342 770 pertinaci.

1017 932 1069 980 X.

632 1024 821 1078 Mercuri,
853 1025 1020 1065 facunde
1053 1039 1175 1078 nepos
1207 1026 1392 1077 Atlantis,

634 1098 703 1148 qui
735 1097 840 1136 feros
874 1096 1003 1137 cultus
1034 1098 1238 1137 hominum
1271 1104 1476 1139 recentum

378 1221 427 1257 19
461 1221 504 1258 S:
530 1221 685 1258 Theocr.
708 1226 763 1268 27,
779 1227 823 1258 66
839 1235 910 1268 sq.:
938 1223 986 1264 ὣς
1012 1222 1051 1259 οἴ
1072 1224 1140 1270 μὲν
1168 1227 1373 1270 χλοεροῖσιν
1400 1224 1610 1272 ἰαινόμενοι
1633 1225 1824 1273 μελέεσσιν

256 1268 426 1313 ἀλλήλοις
450 1269 654 1315 ψιθύριζον
679 1272 691 1316 ss
718 1274 750 1315 1,
772 1274 809 1306 1:
839 1270 912 1306 ἁδύ
937 1285 973 1306 τι
997 1271 1038 1307 τὸ
1065 1271 1280 1318 ψιθύρισμα
1402 1272 1451 1308 21
1468 1285 1548 1318 sqq,
1589 1274 1633 1310 S:
1671 1274 1825 1312 Maxim.

256 1315 350 1361 eleg.
373 1320 464 1362 1‚67
480 1328 578 1362 sqq.:
606 1319 644 1353 et
667 1329 767 1353 nunc
793 1318 988 1354 subridens
1014 1319 1180 1354 latebras
1206 1319 1369 1366 fugitiua
1392 1321 1568 1367 petebat,
1596 1329 1673 1357 non
1696 1324 1829 1358 tamen

257 1363 439 1409 effugiens
471 1364 533 1410 (al.
563 1366 602 1400 et
632 1364 795 1411 fugiens)
822 1367 905 1401 tota
930 1366 1050 1402 latere
1076 1367 1223 1411 uolens;
1258 1368 1323 1402 sed
1348 1367 1471 1414 magis
1497 1379 1543 1403 ex
1568 1368 1697 1414 aliqua
1722 1369 1826 1416 cupi-

261 1411 350 1446 ebat
373 1413 482 1457 parte
507 1412 644 1456 uideri,
671 1412 808 1448 laetior
832 1413 903 1449 hoc
922 1414 1060 1460 multo,
1088 1415 1188 1459 quod
1208 1414 1306 1450 male
1326 1416 1429 1450 tecta
1448 1415 1546 1452 foret
1563 1418 1575 1461 ΙΙ
1593 1416 1671 1452 iam
1689 1416 1825 1463 Porph.

256 1461 451 1504 comparat
473 1459 586 1506 Verg.
607 1460 674 1497 ecl.
696 1464 728 1506 3,
744 1464 806 1497 65:
846 1463 884 1497 et
917 1461 1017 1507 fugit
1051 1462 1100 1497 ad
1136 1461 1270 1497 salices
1305 1463 1345 1498 et
1377 1473 1415 1498 se
1447 1463 1552 1509 cupit
1583 1466 1671 1500 ante
1703 1464 1826 1501 uideri

255 1505 304 1541 21
321 1518 374 1551 sq.
403 1508 446 1542 T:
482 1507 583 1543 Seru.
604 1508 653 1542 ad
674 1508 740 1544 ecl.
761 1512 794 1554 3,
809 1512 854 1544 65
965 1509 1013 1544 21
1043 1509 1085 1545 S:
1113 1509 1224 1545 Prud.
1245 1520 1322 1555 per.
1344 1510 1374 1545 V
1396 1514 1484 1547 308:
1509 1510 1604 1547 lucis
1629 1511 1825 1548 latentis

254 1553 469 1599 proditor
574 1554 624 1590 24
651 1556 694 1592 S:
719 1556 829 1591 Prud.
850 1556 968 1602 praef.
989 1556 1088 1593 cath.
1111 1561 1172 1592 14:
1206 1558 1245 1592 et
1268 1557 1385 1593 male
1409 1558 1625 1604 pertinax
1650 1558 1829 1596 uincendi

255 1601 421 1637 studium
456 1601 645 1638 subiacuit
676 1603 826 1638 casibus
859 1603 1001 1649 asperis
1033 1606 1045 1650 ΙΙ
1077 1604 1263 1650 Sulpicius
1288 1605 1477 1651 Lupercus
1503 1606 1606 1643 anth.
1627 1618 1656 1643 c.
1678 1611 1748 1644 648
1762 1608 1824 1644 R.:

254 1648 375 1684 amnis
406 1649 557 1685 insueta
589 1650 685 1686 solet
716 1650 770 1686 ire
802 1651 919 1698 ualle,
953 1653 1078 1687 mutat
1103 1652 1164 1697 (cf.
1184 1654 1254 1688 art.
1273 1656 1373 1698 poet.
1395 1657 1440 1688 67
1455 1656 1524 1700 sq.)
1551 1655 1590 1690 et
1613 1656 1736 1691 rectos
1761 1654 1825 1691 uia

254 1698 357 1732 certa
382 1708 510 1732 cursus
535 1699 649 1744 rupta
674 1709 756 1733 cum
784 1698 903 1735 credit
929 1699 1045 1735 male
1070 1699 1306 1745 pertinaci
1331 1700 1415 1746 ripa
1438 1701 1578 1738 fluento
1604 1704 1616 1748 ΙΙ
1641 1702 1740 1739 Petr.
1760 1706 1824 1739 87:

253 1744 371 1780 male
396 1745 680 1790 repugnanti
705 1746 887 1792 gaudium
913 1746 1053 1783 extorsi

371 1803 389 1838 Ι
415 1808 470 1840 10.
529 1804 550 1839 1
568 1816 647 1850 sqq.
688 1805 730 1841 S:
771 1805 895 1841 Alcae.
917 1805 960 1840 fr.
982 1805 1077 1842 5B.:
1116 1809 1223 1851 χαῖρε
1249 1805 1446 1847 Κυλλάνας
1471 1805 1490 1842 ὃ
1517 1805 1659 1852 μέδεις,
1685 1807 1724 1843 σὲ
1750 1808 1822 1854 γάρ

250 1863 314 1896 μοι
350 1853 474 1897 θῦμος
508 1851 642 1898 ὕμνην,
677 1852 743 1888 τὸν
779 1853 964 1898 κορύφαις
1000 1849 1041 1888 ἐν
1074 1853 1206 1894 attam,-
1230 1856 1341 1888 Μαῖα
1376 1852 1534 1899 γέννατο
1569 1856 1740 1904 Κρονίδᾳ
1765 1857 1822 1902 μί-

251 1910 357 1944 γεισα
388 1901 400 1944 11
434 1899 610 1944 ‘hymnus
646 1902 704 1934 est
737 1899 777 1934 in
812 1899 1052 1945 Mercurium,
1089 1900 1137 1935 ab
1163 1900 1302 1936 Alcaeo
1337 1900 1454 1946 lyrico
1488 1903 1616 1947 poeta’
1655 1902 1790 1948 Porph.
1810 1904 1822 1950 Η

252 1946 364 1981 huius
397 1948 659 1992 argumentum
685 1946 932 1992 Peerlkampo
965 1948 1093 1982 extare
1125 1947 1276 1983 uidetur
1300 1949 1402 1994 apud
1428 1948 1542 1985 schol.
1562 1949 1671 1986 Hom.
1690 1949 1734 1986 11.
1753 1950 1821 1986 XV

252 1997 339 2029 256:
360 1993 498 2039 Ἑρμῆς
524 1993 543 2029 ὃ
570 1994 661 2034 Διὸς
693 1994 757 2029 καὶ
787 1996 919 2035 Μαίας
943 1999 1007 2039 τῆς
1026 1993 1215 2036 ’Ἀτλαντος
1241 1992 1325 2041 εὗρε
1351 1996 1570 2042 λύραν,“καὶ
1593 1998 1680 2039 τοὺς
1700 1996 1823 2035 Ἀπόλ-

252 2043 368 2081 λωνος
394 2041 484 2088 βόας
503 2039 645 2085 κλέψας
670 2039 810 2086 εὑρέθη
837 2042 911 2077 ὑπὸ
936 2048 1002 2077 τοῦ
1027 2045 1123 2078 θεοῦ
1150 2043 1214 2078 διὰ
1233 2048 1298 2089 τῆς
1317 2049 1507 2089 μαντικῆς.
1546 2043 1821 2092 ἀπειλουμένου

251 2087 292 2122 δὲ
318 2093 384 2123 τοῦ
407 2087 629 2129 ’Λπόλλωνος
661 2087 818 2133 ἔκλεψεν
849 2090 965 2125 αὐτοῦ
998 2090 1063 2125 καὶ
1087 2090 1133 2125 τὰ
1166 2087 1226 2126 ε’πὶ
1253 2097 1326 2126 τῶν
1351 2091 1460 2137 ὤμων
1486 2092 1585 2135 τόξα.
1625 2092 1822 2139 μειδιάσας

251 2134 293 2170 δὲ
327 2134 345 2169 ὁ
378 2135 470 2175 θεὸς
502 2134 641 2171 ἔδωκεν
672 2137 772 2184 αὐτῷ
804 2136 872 2182 τὴν
903 2137 1087 2183 μαντικὴν
1119 2135 1272 2186 ῥάβδον.
1311 2138 1381 2184 ἀφ’
1412 2137 1455 2175 οὗ
1481 2140 1546 2175 καὶ
1570 2140 1823 2187 χρυσόρραπις

251 2181 270 2216 ὁ
292 2180 429 2228 Ἑρμῆς
455 2183 744 2229 προσηγορεύθη
776 2185 788 2230 ΙΙ
820 2183 888 2219 alii
921 2185 1294 2231 pseudohomericum
1325 2186 1506 2232 hymnum
1531 2187 1571 2223 in
1596 2188 1822 2224 Mercurium

370 2314 405 2347 Ω,
425 2330 469 2342 =
490 2313 1115 2364 AODFQmmRyffz'QDvnau]
1209 2318 1259 2354 18
1290 2322 1378 2355 tunc
1409 2319 1449 2354 D
1540 2319 1589 2355 19
1623 2320 1818 2368 lenesque]

248 2365 479 2411 Lelenesque
505 2368 545 2402 δι
583 2367 701 2403 Lenes
730 2369 760 2404 Ο
860 2369 910 2406 20
937 2369 1141 2416 Conposita
1166 2372 1235 2407 Ru
1255 2372 1349 2417 Pph.
1370 2373 1440 2408 sch.
1462 2375 1481 2407 λ
1519 2372 1736 2419 Composita
1758 2375 1820 2410 uel

250 2418 427 2464 Coposita
452 2423 528 2456 cett.
592 2423 767 2466 repetant
798 2422 892 2458 hora
923 2424 962 2458 61
1085 2424 1133 2459 21
1166 2424 1311 2460 intumo
1337 2425 1543 2462 Ft'ncorr.
1575 2427 1756 2470 intumOQ
1781 2427 1818 2463 R

248 2471 381 2508 intimo
407 2478 521 2509 cettan
529 2476 629 2520 prk
643 2476 749 2512 schol.
765 2490 786 2522 γ
883 2476 933 2512 22
960 2477 1093 2513 Oratus
1113 2478 1154 2514 R'
1221 2478 1347 2524 puelle
1367 2480 1443 2515 A1l
1544 2479 1594 2515 23
1620 2480 1817 2526 dereptum

249 2526 491 2562 ACDFRa
529 2527 717 2574 direptum
742 2528 925 2575 yaa'vnu
944 2532 976 2577 ()
1073 2530 1123 2566 24
1149 2530 1331 2576 pertinati
1355 2532 1408 2568 R1

367 2586 383 2620 l
411 2590 465 2622 10.
504 2587 569 2622 AD
592 2588 888 2625 MERCVRIVM
905 2590 986 2626 AB
998 2590 1160 2635 GDRa,
1180 2591 1220 2625 D
1236 2591 1321 2626 add.
1338 2591 1529 2627 LAVDES
1607 2593 1815 2629 HYMNVS

248 2639 467 2685 (HYMNOS
495 2641 555 2676 Fl
570 2653 660 2678 corr.
699 2643 869 2679 YMNVS
895 2646 930 2690 γ)
962 2643 1213 2679 MERCVRIO
1246 2643 1560 2681 TETRACOLOS
1587 2645 1816 2692 (TAETRA-

248 2717 397 2753 COLOS
412 2719 436 2753 δ
470 2717 833 2757 TRETRACOLOS·
855 2724 896 2768 π)
911 2720 1102 2767 Γγδϊπε
1156 2701 1286 2757 HINN'
1306 2721 1508 2758 DICOLOS
1522 2722 1772 2760 MERCURIO
1788 2737 1815 2761 u
1870 2763 1877 2768 ,

247 2772 342 2807 hanc
367 2773 459 2807 oden
483 2773 625 2808 exhibet
649 2775 725 2810 cod.
751 2775 788 2810 B

367 2824 388 2859 1
415 2836 511 2870 nepo
537 2826 591 2861 R1
652 2826 808 2862 atlantis
828 2828 922 2873 Pph.
944 2828 1079 2865 Victor.
1093 2829 1194 2865 Seru.
1209 2829 1252 2864 de
1271 2830 1394 2864 metris
1425 2831 1466 2864 at
1489 2829 1526 2864 B
1560 2830 1769 2866 athalantis
1787 2843 1814 2867 ιι

248 2878 412 2913 adlantis
437 2882 548 2924 72(y1
574 2891 649 2916 non
674 2881 800 2926 liquet)
840 2881 1032 2917 adhlantis
1060 2882 1256 2918 ODRiva
1293 2881 1477 2917 athlantis
1503 2883 1814 2921 AR2z'nAe.ex-

246 2942 320 2977 pos.
341 2936 443 2967 metr.
541 2932 564 2967 2
591 2933 689 2968 feros
714 2935 751 2969 A
