2008 3230
267 149 295 190 2
814 150 998 186 HORATI
1020 150 1288 187 CARMINVM

575 266 668 301 sunt
700 275 799 314 quos
832 250 1030 302 curriculo
1061 262 1267 314 puluerem
1299 262 1547 315 Olympicum

569 332 773 384 collegisse
806 334 917 373 iuuat
947 338 1130 386 metaque
1163 334 1329 374 feruIdis

571 404 715 443 e'uitata
748 406 847 444 rotis
879 404 1085 457 palmaque
1117 405 1263 445 nobilis
1815 413 1836 446 5

570 480 767 516 terrarum
799 476 981 516 dominos
1013 477 1148 516 euehit
1179 477 1227 516 ad
1259 477 1371 531 deos3
1853 474 1856 476 ’

272 637 330 673 ge.
344 626 378 660 II
393 629 438 661 40
469 627 523 661 ‘et
540 626 772 672 praesidium
787 648 830 653 —
844 628 984 663 meum’
1007 627 1144 663 omisso
1167 628 1219 663 ‘o’
1244 627 1358 663 schol.
1372 627 1478 663 Bern.
1494 627 1605 672 Verg.
1620 638 1677 673 ge.
1692 627 1726 662 Π
1738 631 1784 663 40
1796 628 1842 663 Η.

271 676 315 710 S:
342 673 431 710 Sall.
456 673 544 710 bell.
566 675 645 719 Iug.
675 678 730 720 19,
746 679 784 710 1:
836 686 975 720 eaeque
1107 686 1194 720 pars
1232 674 1439 720 originibus
1477 675 1554 711 suis
1591 674 1844 720 praesidio,

270 721 369 756 aliae
402 721 559 757 decori
589 721 692 758 fuere
717 725 729 767 ΙΙ
753 722 913 759 Venant.
945 724 1045 759 Fort.
1078 734 1108 759 c.
1135 722 1185 758 XI
1206 726 1245 768 5,
1279 727 1319 759 1:
1347 722 1478 757 dulce
1504 723 1640 758 decus
1664 724 1845 768 nostrum,

274 769 414 804 Christi
440 769 681 804 sanctissima
706 769 813 816 uirgo
833 771 846 816 ΙΙ
864 770 974 815 Verg.
996 781 1053 816 ge.
1079 770 1113 805 II
1133 773 1179 804 40
1194 782 1265 815 sq.:
1292 782 1312 805 0
1333 771 1487 815 decus,
1513 781 1534 804 o
1560 769 1685 805 famae
1710 769 1844 806 merito

267 827 355 862 pars
380 827 557 852 maxuma
575 819 744 862 nostrae,
770 818 1010 853 Maecenas
1029 819 1041 863 ΙΙ
1060 818 1171 853 Prud.
1198 818 1326 862 apoth.
1353 821 1422 852 393
1434 829 1505 862 sq.:
1532 828 1553 852 o
1579 828 1715 852 nomen
1738 828 1846 863 prae-

271 864 407 899 dulce
438 864 550 910 mihi,
585 864 650 899 lux
682 867 720 900 et
752 865 891 900 decus
923 867 963 900 et
999 876 1085 911 spes
1119 865 1495 910 praesidiumque
1526 865 1847 910 meumflauctor

267 911 390 946 libelli
416 911 450 946 II
475 912 521 946 de
542 911 751 947 ordinanda
771 912 982 958 republica:
1008 924 1076 947 nos
1096 914 1134 947 te
1159 912 1369 957 genuimus,
1390 911 1537 957 Caesar,
1558 912 1694 947 decus
1714 923 1844 958 prae-

268 959 531 1003 sidiumque
568 959 677 994 nobis
709 961 721 1005 ΙΙ
752 960 900 995 Censor.
933 960 980 994 de
1012 959 1073 994 die
1104 961 1181 995 nat.
1203 971 1232 995 c.
1253 963 1292 996 3:
1324 970 1413 994 nam
1444 971 1528 995 cum
1561 970 1606 994 ex
1636 961 1675 994 te
1705 961 1846 1006 tuaque

269 1006 438 1042 amicitia
464 1007 654 1052 honorem,
676 1007 913 1054 dignitatem,
941 1007 1078 1042 decus
1103 1008 1242 1051 atque
1266 1007 1568 1052 praesidium,
1589 1008 1724 1043 cuncta
1743 1006 1847 1043 deni-

266 1065 338 1098 que
370 1054 473 1088 uitae
511 1055 680 1099 praemia
711 1054 891 1100 recipiam
910 1057 922 1099 ss
942 1054 1024 1090 Sen.
1052 1054 1140 1091 dial.
1162 1054 1214 1089 VI
1240 1055 1289 1089 ad
1308 1053 1489 1089 Marciam
1509 1054 1556 1090 de
1575 1054 1714 1098 consol.
1735 1058 1790 1100 17,
1806 1058 1844 1091 1:

268 1102 346 1136 iam
371 1101 501 1147 matri,
534 1101 611 1136 iam
642 1101 744 1147 patri
774 1101 1061 1147 praesidium
1094 1113 1144 1137 ac
1176 1102 1311 1137 decus
1343 1104 1355 1147 ΙΙ
1387 1101 1469 1138 Sen.
1496 1102 1543 1137 de
1569 1101 1689 1138 benef.
1710 1102 1763 1136 III
1782 1105 1845 1139 33:

265 1149 340 1194 ipsi
372 1149 457 1184 urbi
488 1149 615 1184 nescio
648 1151 774 1184 utrum
806 1149 929 1184 maius
960 1149 1247 1195 praesidium
1279 1148 1437 1184 afferens
1475 1160 1525 1183 an
1556 1149 1694 1184 decus
1719 1153 1731 1194 n
1759 1149 1843 1186 sen.
1911 1175 1917 1181 .

264 1197 374 1232 Herc.
396 1196 477 1232 Oet.
500 1200 586 1232 749:
620 1196 757 1231 decus
795 1197 891 1232 illud
928 1196 1028 1232 orbis
1069 1198 1182 1241 atque
1219 1196 1504 1242 praesidium
1540 1196 1690 1232 unicum
1709 1199 1723 1242 ΙΙ
1741 1196 1844 1232 laud.

265 1244 428 1280 Pis.'231
447 1255 527 1288 sqq.
565 1244 637 1290 (de
670 1244 975 1290 Maecenate):
1019 1255 1041 1279 o
1068 1244 1204 1279 decus
1243 1246 1287 1279 et
1325 1245 1406 1279 toto
1443 1243 1578 1279 merito
1616 1243 1845 1280 uenerabilis

266 1303 377 1337 aeuo,
409 1291 524 1326 Pierii
548 1291 671 1326 tutela
695 1292 810 1337 chori,
837 1302 910 1336 quo
942 1291 1160 1337 praeside
1192 1291 1267 1327 tuti
1297 1302 1374 1326 non
1404 1302 1583 1336 umquam
1608 1292 1715 1327 uates
1741 1291 1847 1337 inopi

265 1340 424 1375 timuere
452 1340 624 1374 senectae
643 1342 656 1384 ΙΙ
674 1339 760 1375 Tac.
782 1339 824 1375 G.
852 1342 914 1375 13:
952 1339 991 1373 in
1017 1350 1109 1385 pace
1142 1339 1294 1384 decus,
1326 1339 1367 1373 in
1397 1338 1497 1373 bello
1528 1338 1814 1384 praesidium
1833 1339 1846 1386 11

267 1387 370 1423 anth.
386 1389 426 1423 L.
442 1398 472 1422 c.
487 1390 568 1432 445,
585 1387 679 1422 5R.:
707 1386 876 1432 Crispus,
897 1386 1181 1432 praesidium
1206 1397 1367 1431 meum,
1387 1385 1564 1432 uoluptas
1638 1385 1662 1421 3
1683 1397 1764 1432 sqq.
1787 1385 1847 1421 ‘in

268 1433 421 1470 exordio
447 1433 559 1480 primi
584 1433 674 1468 libri
698 1434 858 1469 diuersis
885 1433 1020 1469 studiis
1047 1433 1144 1468 dixit
1167 1433 1338 1468 homines
1364 1434 1589 1479 occupatos’
1619 1433 1695 1470 sch.
1719 1436 1769 1479 λφ
1796 1433 1846 1468 ad

267 1482 364 1518 0.111
387 1485 452 1527 1,1
528 1482 571 1517 S:
597 1481 704 1517 Pind.
731 1481 773 1517 fr.
802 1485 870 1516 206
892 1481 950 1517 B.:
977 1480 1269 1516 ἀελλοπόδων
1296 1479 1375 1526 μέν
1404 1479 1489 1516 τιν’
1518 1482 1845 1527 εὐφραίνοισιν

268 1531 416 1566 ἵππων
449 1530 577 1574 τίμια
608 1529 685 1564 καὶ
717 1527 956 1574 στέφανοι,
995 1529 1098 1569 τοὺς
1135 1527 1172 1563 δ’
1203 1525 1249 1563 έν
1281 1528 1584 1574 πολυχρύσοις
1617 1527 1848 1575 θαλάμοις

269 1577 417 1625 βιοτά·
443 1575 656 1622 τέρπεται
685 1576 731 1612 δὲ
759 1578 840 1612 καί
861 1590 927 1616 τις
954 1573 1020 1611 ἐπ’
1045 1575 1164 1620 οἶδμ’
1188 1575 1317 1611 ἅλιον
1337 1577 1523 1625 ναῒθοᾷ
1543 1582 1625 1618 σῶς
1644 1577 1846 1612 διαστεί-

269 1627 356 1673 βων
375 1627 387 1671 11
407 1624 481 1660 Sol.
498 1624 614 1670 epigr.
631 1627 686 1670 13,
702 1627 747 1659 43
762 1636 859 1668 sqq.:
888 1623 1076 1659 σπεύδει
1103 1622 1140 1659 δ’
1169 1623 1366 1659 ἄλλοθεν
1395 1623 1542 1664 ἄλλος·
1576 1624 1595 1659 ὁ
1622 1622 1705 1670 μὲν
1730 1623 1846 1660 κατὰ
1894 1652 1899 1660 ,»

267 1673 438 1708 πόντον
484 1673 650 1707 ἀλᾶται
689 1669 730 1706 ἐν
775 1671 907 1717 νηυσὶν
951 1671 1095 1719 χρῄζων
1138 1671 1268 1710 οἴκαδε
1307 1669 1439 1717 κέρδος
1482 1671 1588 1716 ἄγειν
1639 1669 1846 1717 ἰχθυόεντ’,

268 1719 440 1766 ἀνέμοισι
479 1719 711 1765 φορεύμενος
751 1717 1007 1765 ἀργαλέοισιν,
1046 1717 1235 1764 φειδωλὴν
1280 1724 1404 1764 ψυχῆς
1444 1719 1624 1764 οὐδεμίαν
1667 1717 1845 1764 θέμενος·

269 1768 402 1809 ἄλλος
433 1772 504 1813 γῆν
536 1767 712 1812 τέμνων
744 1766 1039 1812 πολυδένδρεον,
1067 1765 1118 1807 εἰς
1145 1763 1319 1801 ἐνιαυτὸν
1343 1765 1513 1810 λατρεύει
1536 1770 1655 1802 τοῖσιν
1680 1765 1844 1812 καμπύλ’
1914 1803 1916 1805 ,

269 1816 411 1861 ἄροτρα
443 1814 560 1861 μέλει·
594 1814 702 1855 ἄλλος
729 1813 930 1859 Ἀθηναίης
960 1827 999 1849 τε
1031 1814 1096 1848 καὶ
1122 1812 1330 1858 Ἡφαίστου
1360 1812 1592 1858 πολυτέχνεω
1625 1812 1715 1860 ἔργα
1740 1813 1845 1854 δαεὶς

269 1868 410 1909 χειροῖν
444 1861 656 1908 ξυλλέγεται
688 1863 824 1909 βίοτον.
859 1861 991 1901 ἄλλος
1018 1860 1277 1906 Ὀλυμπιάδων
1308 1859 1494 1896 Μουσέων
1526 1860 1630 1907 πάρα
1661 1862 1764 1907 δῶρα
1790 1862 1847 1896 δι-

268 1911 428 1957 δαχθεὶς
461 1909 608 1956 ἱμερτῆς
640 1910 775 1954 σοφίης
800 1907 934 1955 μέτρον
961 1905 1205 1954 ἐπιστάμενος
1227 1936 1233 1943 .
1256 1938 1263 1944 .
1287 1938 1294 1944 .
1410 1908 1433 1943 3
1458 1920 1511 1953 sq.
1545 1909 1632 1943 sunt
1664 1929 1706 1934 -—
1738 1907 1848 1943 iuuat

267 1959 312 1995 T:
335 1958 410 1994 sch.
428 1957 679 1993 Stat.Th.IIII
693 1960 760 1991 261
813 1957 860 1992 S:
881 1956 989 2001 Prop.
1003 1956 1055 1990 III
1076 1959 1108 2000 9,
1125 1959 1186 1992 17:
1213 1957 1283 1991 est
1308 1955 1472 2000 quibus
1499 1955 1634 1991 Eleae
1660 1954 1848 1991 concurrit

268 2005 421 2051 palma
453 2004 661 2049 quadrigae
686 2007 697 2050 ΙΙ
716 2004 836 2040 Amm.
863 2003 978 2039 Marc.
998 2003 1173 2038 XXVIIII
1200 2007 1231 2049 1,
1258 2007 1321 2039 25:
1355 2003 1409 2038 ad
1439 2002 1669 2049 Olympici
1694 2004 1848 2047 certa-

268 2052 404 2088 minis
435 2052 674 2097 puluerem
693 2053 704 2096 ΙΙ
722 2050 825 2096 pulu.
848 2051 921 2087 01:
949 2050 1053 2091 κόνις
1072 2052 1226 2095 Πισαία,
1247 2050 1418 2096 Δελφική
1491 2049 1516 2085 4
1531 2062 1585 2095 sq.
1609 2051 1786 2095 metaque
1801 2071 1844 2077 —-

268 2100 362 2135 rotis
394 2100 436 2135 T:
465 2099 566 2136 Seru.
594 2099 643 2133 ad
661 2099 752 2133 Aen.
769 2098 820 2133 XI
841 2102 909 2133 195
966 2099 1007 2135 S:
1037 2098 1101 2134 Ou.
1119 2109 1150 2134 a.
1168 2111 1199 2135 a.
1214 2098 1266 2133 III
1286 2101 1373 2135 396:
1399 2099 1613 2142 metaque
1638 2097 1846 2133 feruenti

270 2147 497 2183 circueunda
527 2148 629 2181 rota
662 2147 674 2191 ΙΙ
704 2145 817 2191 Verg.
838 2157 896 2191 ge.
918 2145 970 2180 III
997 2149 1063 2180 107
1157 2145 1180 2180 4
1211 2146 1254 2182 S:
1280 2145 1409 2181 Manil.
1430 2146 1446 2180 I
1469 2149 1537 2181 577
1553 2157 1624 2190 sq.:
1657 2146 1845 2180 metam-

271 2206 356 2240 que
380 2193 547 2229 uolantis
574 2193 663 2228 solis
690 2194 728 2228 et
753 2196 938 2229 extremos
965 2193 1140 2239 designat
1169 2193 1380 2228 feruidus
1406 2194 1513 2229 actus
1642 2192 1666 2228 5
1693 2192 1736 2229 S:
1762 2193 1846 2229 sen.

270 2242 338 2279 Th.
358 2246 426 2278 409
443 2254 515 2286 sq:
562 2240 702 2286 stadia,
741 2252 809 2286 per
845 2251 942 2286 quae
981 2240 1155 2275 nobilis
1192 2241 1389 2286 palmam
1425 2242 1583 2286 paterno
1618 2251 1695 2275 non
1731 2239 1847 2276 semel

271 2301 404 2325 curru
429 2288 503 2324 tuli
616 2288 639 2323 6
661 2300 714 2334 sq.
748 2289 791 2325 S:
818 2288 901 2325 Sen.
921 2289 1029 2324 Herc.
1049 2288 1073 2324 f.
1095 2292 1163 2323 169
1185 2300 1263 2333 sqq.
1289 2288 1347 2323 L.:
1372 2288 1481 2323 illum
1505 2287 1636 2333 populi
1659 2287 1770 2323 fauor
1787 2290 1848 2323 at-

270 2337 431 2373 tonitum
458 2336 648 2380 fluctuque
679 2336 801 2382 magis
839 2335 1009 2382 mobile
1040 2336 1205 2382 uolgus
1245 2347 1337 2371 aura
1367 2336 1552 2370 tumidum
1578 2334 1712 2370 tollit
1741 2334 1848 2370 inani

271 2386 295 2420 6
316 2386 358 2422 S:
381 2384 502 2420 Ou.ex
515 2384 693 2429 P.19‚36:
713 2385 939 2419 terrarum
960 2383 1166 2418 dominos
1186 2395 1299 2428 quam
1319 2382 1411 2418 eolis
1430 2383 1511 2428 ipse
1531 2382 1641 2418 deo
1660 2382 1845 2428 11112‚12:

270 2433 311 2467 in
335 2443 482 2467 rerum
514 2431 721 2466 dominos
752 2431 938 2466 mouimus
971 2442 1074 2466 arma
1104 2431 1193 2466 deos
1231 2433 1243 2476 ΙΙ
1279 2430 1623 2475 Prud.per.V5‚7:
1649 2429 1713 2464 hic
1735 2431 1775 2464 te
1800 2440 1847 2464 ex

271 2480 437 2516 tenebris
464 2478 681 2516 saeculi...
703 2480 857 2514 euexit
882 2479 936 2513 ad
963 2479 1138 2514 caelum
1169 2478 1249 2518 dies
1286 2479 1299 2524 ΙΙ
1338 2476 1687 2522 Symmach.0rat.1
1705 2480 1743 2511 2:
1769 2475 1845 2512 cito

273 2527 374 2563 enim
402 2529 629 2562 terrarum
660 2526 795 2561 talium
828 2525 1036 2561 dominus
1069 2526 1158 2571 eris,
1191 2525 1256 2570 qui
1288 2525 1367 2559 uim
1399 2525 1563 2559 siderum
1593 2535 1669 2559 non
1692 2523 1844 2559 timebis

277 2575 400 2611 7—10
420 2575 462 2611 S:
485 2574 642 2610 Sen.Th.
653 2577 721 2608 348
731 2586 829 2618 sqq:
852 2585 917 2609 rex
936 2575 1005 2618 est,
1026 2573 1091 2618 qui
1108 2573 1236 2618 posuit
1253 2574 1376 2607 metus
1396 2574 1435 2607 et
1454 2571 1526 2606 diri
1545 2571 1645 2606 mala
1663 2570 1844 2616 pectoris:

271 2634 383 2668 quem
401 2633 477 2658 non
496 2621 654 2657 ambitio
674 2621 847 2667 inpotens
868 2623 907 2656 et
930 2631 1168 2665 numquam
1189 2619 1377 2655 stabilis
1402 2618 1534 2654 fauor
1552 2618 1680 2664 uolgi
1700 2618 1845 2664 praeci-

271 2670 363 2716 pitis
382 2671 685 2706 mouet....non
706 2668 935 2714 quidquid
953 2667 1138 2713 Libycis
1158 2667 1271 2703 terit
1288 2667 1472 2702 feruens
1493 2676 1599 2701 area
1618 2665 1846 2701 messibus

370 2802 405 2835 Ω
428 2819 465 2830 =
489 2799 1093 2847 ΑΒΟΕ(φψ)Βδλ’(λῖ)νπαἰι]
1143 2798 1167 2834 3
1194 2797 1412 2844 olimpicum
1426 2797 1634 2843 Aomprm
1683 2795 1707 2832 4
1732 2795 1846 2832 Colli-

273 2852 374 2898 gisse
400 2866 423 2888 a
495 2856 620 2889 moeta
645 2855 668 2888 δ
771 2853 794 2888 5
820 2852 958 2888 Euiata
983 2853 1020 2888 A
1046 2851 1077 2886 86
1102 2851 1224 2886 uitata
1249 2852 1286 2887 B
1321 2849 1502 2898 Eussitata
1526 2851 1550 2885 δ
1645 2850 1670 2885 6
1695 2851 1846 2896 quidam

269 2911 353 2952 post
379 2906 468 2941 deos
493 2908 707 2953 interpunyi
730 2911 868 2951 uetant,
894 2907 936 2941 iu
959 2906 1144 2942 codicibus
1167 2916 1255 2940 uero
1279 2905 1339 2940 hic
1363 2904 1609 2950 distinguitur
