2002 3224
783 129 873 168 ΜΒ.
898 129 960 167 111.
989 133 1032 166 16
1044 132 1135 166 —1‘1
1662 129 1747 172 195

575 243 850 284 denominatos
883 247 923 283 et
953 246 1143 296 nepotum

635 328 707 368 per
738 327 937 355 memores
969 327 1095 367 genus
1127 326 1244 354 omne
1278 314 1399 354 fastos

516 392 676 428 auctore
709 386 757 427 ab
790 387 856 426 illo
890 387 999 427 ducit
1030 387 1244 440 originem,
1726 393 1747 426 5

516 461 585 512 qui
615 459 866 499 Formiarum
898 459 1054 498 moenia
1085 458 1234 499 dicitur

574 533 762 584 princeps
795 536 835 571 et
867 531 1073 571 innantem
1103 529 1273 570 Maricae

633 602 819 643 litoribus
850 604 1030 643 tenuisse
1062 601 1188 642 Lirim

514 674 591 716 late
622 681 833 729 tyrannus:
865 687 954 715 cras
985 674 1091 715 foliis
1123 686 1266 714 nemus

515 747 651 788 multis
683 753 724 788 et
754 747 839 799 alga
871 746 965 787 litus
998 746 1131 787 inutili
1707 754 1750 787 10

575 820 748 860 demissa
778 824 995 873 tempestas
1028 819 1075 859 ab
1107 819 1215 859 Euro

636 896 806 946 sternet,
838 904 962 945 aquae
994 893 1074 932 nisi
1105 891 1204 931 fallit
1236 903 1361 944 augur

516 977 665 1005 annosa
696 966 847 1005 cornix.
892 964 987 1005 dum
1018 969 1151 1019 potes,
1183 964 1338 1004 aridum

517 1049 710 1089 compone
742 1036 912 1089 lignum:
945 1049 1033 1076 cras
1065 1035 1378 1077 Genium-mero

288 1188 383 1233 3sq.
406 1188 460 1223 ‘et
478 1189 721 1233 nepotum—
734 1187 870 1223 fastos’
889 1189 932 1224 T:
953 1187 1056 1224 Seru.
1072 1188 1122 1223 ad
1134 1188 1226 1224 Aen.
1242 1188 1311 1223 XII
1325 1191 1395 1224 530
1493 1188 1517 1224 3
1544 1190 1586 1225 Τ.
1608 1188 1751 1226 Victor.

169 1236 215 1272 de
240 1248 289 1273 m.
311 1236 397 1272 Hor.
418 1248 467 1301 p.
477 1239 544 1271 180
644 1235 668 1272 4
693 1236 737 1272 T:
758 1235 899 1272 Victor.
921 1236 967 1271 de
993 1248 1042 1272 m.
1062 1235 1150 1272 Hor.
1173 1248 1210 1282 p.
1232 1239 1299 1273 181
1324 1235 1464 1272 omissa
1483 1248 1576 1273 uoce
1599 1237 1749 1273 ‘fastos’

168 1285 208 1319 iu
227 1283 356 1320 codice
456 1284 530 1329 ‘ap
538 1283 595 1319 ud
619 1284 719 1320 Hor.
747 1283 984 1330 duplicem
1009 1283 1197 1319 inuenio
1223 1283 1505 1330 scripturam
1531 1286 1575 1321 et
1600 1285 1751 1321 fastos

169 1334 214 1368 et
237 1331 389 1368 fastus
413 1331 454 1366 in
479 1331 530 1366 ΙΙ[
556 1331 781 1368 carminum:
817 1343 885 1378 per
909 1343 1092 1367 memores
1118 1343 1237 1378 genus
1264 1343 1372 1368 omne
1398 1332 1538 1379 fastos,
1565 1334 1604 1369 et
1628 1333 1750 1369 fastus

168 1380 208 1414 in
233 1379 319 1415 aliis
346 1379 555 1416 codicibus’
584 1380 629 1416 T:
661 1379 776 1416 Pnsc.
790 1380 843 1415 VI
863 1384 908 1416 72
1014 1380 1057 1417 S:
1092 1380 1141 1426 Sy
1145 1380 1304 1417 mmach.
1325 1380 1390 1417 rel.
1414 1384 1469 1427 12,
1491 1385 1531 1418 4:
1558 1383 1659 1417 certe
1684 1381 1750 1417 ille

169 1429 228 1463 est
257 1427 540 1471 Praetextatus,
578 1439 690 1473 quem
724 1427 804 1464 iure
837 1428 1028 1464 consulem
1066 1428 1259 1473 feceratis,
1298 1431 1342 1464 ut
1378 1428 1494 1465 fasti
1531 1440 1751 1465 memores

169 1475 316 1512 celebre
340 1486 478 1511 nomen
503 1476 749 1511 extenderent
894 1476 918 1512 5
946 1476 989 1513 S:
1009 1476 1120 1522 Verg.
1141 1476 1232 1513 Aen.
1253 1477 1288 1512 V
1308 1480 1376 1512 801
1404 1479 1444 1514 et
1461 1477 1515 1513 VI
1534 1481 1622 1514 834:
1652 1478 1752 1513 unde

169 1534 312 1569 genus
338 1523 468 1559 ducis
587 1524 605 1559 7
624 1535 678 1569 sq.
708 1524 762 1560 ‘et
786 1523 982 1560 innantem
1009 1546 1054 1550 —
1079 1523 1210 1560 Lirim'
1238 1526 1282 1561 T:
1315 1525 1417 1562 Seru.
1440 1525 1489 1561 ad.
1508 1525 1600 1562 Aen.
1616 1526 1685 1562 VII
1703 1529 1750 1561 47

289 1572 332 1609 S:
364 1571 503 1608 Lucan.
523 1571 558 1607 Π
582 1575 671 1608 424:
698 1573 737 1607 et
761 1572 961 1608 umbrosae
986 1572 1109 1607 Liris
1133 1584 1202 1618 per
1226 1584 1345 1618 regna
1370 1573 1574 1610 Maricae
1599 1575 1612 1620 ΙΙ
1637 1574 1749 1610 Mart.

167 1619 255 1654 XIII
279 1623 343 1666 83,
366 1624 384 1655 1
400 1631 473 1665 sq.:
505 1619 626 1655 Liris
725 1631 838 1665 quem
863 1620 961 1655 silua
986 1620 1191 1656 Maricae
1215 1620 1385 1667 protegit
1402 1623 1415 1668 ΙΙ
1436 1622 1469 1658 Χ
1494 1625 1557 1667 30,
1578 1625 1617 1658 8:
1653 1621 1751 1658 desi-

167 1669 347 1703 derantur
371 1679 441 1703 nec
466 1667 639 1703 Marica
660 1679 730 1703 nec
749 1667 870 1703 Liris
969 1668 993 1703 9
1020 1669 1064 1705 S:
1089 1668 1200 1714 Verg.
1215 1668 1307 1705 Aen.
1323 1669 1340 1704 I
1359 1673 1422 1706 21:
1448 1670 1632 1715 populum
1651 1670 1751 1705 late

167 1726 319 1761 regem
348 1716 361 1762 11
391 1715 500 1752 Hom.
527 1716 754 1762 εὐρυκρείων
886 1716 989 1752 10-·-
993 1716 1042 1752 12
1077 1716 1121 1753 8·
1154 1717 1262 1753 Hom.
1282 1716 1326 1752 Il.
1345 1717 1452 1752 VIIII
1473 1721 1510 1754 7:
1543 1718 1682 1754 πολλὸν
1708 1718 1751 1754 δὲ

166 1763 286 1810 παρὲξ
313 1762 385 1799 ἅλα
411 1769 555 1808 φῦκος
581 1763 745 1809 ἔχευαν
772 1775 822 1799 sc.
850 1764 984 1811 ἄνεμοι
1106 1764 1154 1800 11
1190 1765 1234 1802 S:
1267 1765 1368 1800 Pers.
1389 1764 1507 1802 Theb.
1529 1776 1575 1811 ep
1550 1766 1647 1813 pigr.
1668 1770 1708 1812 8,
1730 1771 1749 1801 1

167 1812 282 1855 (anal.
302 1812 363 1847 Br.
378 1811 412 1846 II
431 1823 467 1857 p.
483 1814 537 1858 5):
558 1811 686 1857 Εῧρου
710 1809 949 1859 χειμέριαι..
966 1814 1213 1873 .καταιγίδες
1311 1812 1360 1848 12
1377 1824 1421 1858 sq
1459 1813 1501 1850 8·
1527 1814 1633 1851 Aiat.
1655 1814 1748 1851 dios.

169 1863 261 1894 1022
277 1871 349 1905 sq.:
388 1865 569 1906 χειμῶνος
605 1857 700 1906 μέγα
739 1865 839 1906 σῆμα
877 1860 942 1896 καὶ
981 1857 1202 1907 ἔννεάνειρα
1241 1860 1304 1907 (.al
1338 1825 1563 1908 ἐννεάγηροι)
1602 1862 1750 1908 κορώνη

169 1907 350 1954 νύκτερον
381 1908 563 1943 ἀείδουσα
599 1909 612 1954 ΙΙ
648 1908 754 1944 Lucr.
775 1908 810 1944 V
837 1912 982 1944 1082—
987 1912 1098 1944 1084:
1137 1908 1328 1944 cornicum
1359 1911 1403 1945 ut
1435 1909 1562 1945 saecla
1596 1911 1751 1946 uetusta

171 1966 440 2001 coruorumque
472 1966 606 2001 greges
635 1955 702 1991 ubi
727 1967 866 2001 aquam
892 1956 1069 1992 dicuntur
1094 1958 1133 1992 et
1157 1956 1288 1992 imbris
1314 1968 1470 2002 poscere
1496 1960 1535 1993 et
1559 1957 1750 1993 interdum

170 2005 303 2039 uentos
337 2014 524 2048 aurasque
556 2014 691 2039 uocare
827 2004 876 2040 12
892 2016 935 2050 sq
977 2004 1066 2040 ‘nisi
1092 2026 1137 2030 ——
1164 2004 1307 2040 cornix'
1335 2006 1378 2042 T.
1411 2004 1528 2042 Prisc.
1541 2005 1612 2041 VII
1633 2009 1678 2042 34

170 2051 220 2087 13
259 2051 302 2088 S:
344 2050 508 2086 Phaedri
539 2052 700 2097 append
729 2055 792 2088 24:
825 2063 969 2088 annosa
1000 2053 1068 2099 (sic
1096 2053 1139 2088 A.
1159 2052 1312 2099 Nauck,
1340 2053 1421 2089 cod.
1448 2053 1596 2099 odiosa)
1623 2054 1751 2090 cornix

293 2097 411 2144 l4sq.
441 2099 538 2134 ‘cras
566 2120 610 2124 —
636 2110 824 2145 porcoque
855 2099 1042 2137 bimestri’
1083 2102 1128 2138 T:
1168 2101 1281 2146 gloss.
1309 2100 1388 2136 Mai
1414 2101 1522 2138 class
1544 2104 1642 2139 auct.
1663 2102 1752 2138 VIII

171 2160 208 2194 p.
230 2151 300 2182 350
343 2146 479 2184 8:011.
501 2146 654 2183 fastvl
677 2150 761 2183 158:
789 2149 950 2193 extaque
978 2149 1024 2185 de
1049 2160 1165 2195 porca
1191 2150 1308 2186 cruda
1333 2149 1539 2186 bimenstre
1564 2152 1670 2187 tenet

349 2320 392 2332 =
413 2302 1147 2353 A'(Aa)ROF(‹p1p)Ry‹52-'(u)vmu]
1206 2305 1231 2341 3
1258 2306 1288 2341 δε
1307 2307 1353 2343 ab
1373 2307 1436 2344 alt.
1451 2319 1496 2344 m.
1510 2308 1552 2343 i‘n
1570 2308 1643 2344 ras.
1664 2307 1701 2344 R

170 2356 194 2392 4
215 2357 334 2392 fastos
349 2356 437 2392 A'B
448 2356 502 2402 Cy
511 2355 835 2394 almam-muria.
845 2357 1043 2395 Pseudacr.
1058 2358 1211 2396 Seruius
1248 2361 1368 2396 fastus
1385 2361 1594 2407 FRdnpr.
1607 2362 1700 2407 Ppn.

173 2411 196 2447 5
222 2410 344 2446 Aucto
372 2411 401 2446 ll
440 2410 631 2458 Auctoress
651 2423 679 2446 u
715 2410 857 2447 Autore
882 2424 972 2458 apr.
1061 2413 1166 2449 ducis
1190 2414 1247 2459 R,
1270 2425 1288 2450 s
1313 2415 1359 2450 ab
1386 2416 1451 2451 alt.
1471 2427 1516 2452 m.
1536 2417 1578 2451 in
1601 2427 1750 2460 rasura,

170 2463 277 2499 ducit
301 2464 380 2500 Rl‘?
419 2462 524 2498 ducis
550 2468 628 2500 cett.
648 2465 754 2501 schol.
777 2479 798 2511 γ
836 2465 942 2501 ducit
966 2466 1016 2502 D.
1037 2467 1219 2504 Heinsius
1243 2469 1322 2505 uid.
1343 2468 1488 2515 Epiley.
1612 2469 1636 2505 6
1674 2470 1749 2515 for-

170 2517 333 2553 miarum
359 2517 396 2552 A
468 2516 594 2553 menia
619 2518 690 2554 Au
726 2519 875 2555 moenia
899 2524 979 2557 cett.
1054 2520 1204 2557 ducitur
1227 2536 1249 2568 γ
1369 2523 1388 2559 7
1426 2522 1597 2559 inantem
1622 2536 1644 2569 γ
1693 2523 1749 2558 in-

169 2581 259 2631 nfflte
287 2596 300 2630 l
397 2594 555 2644 matrice
587 2597 626 2632 δι
667 2608 842 2643 marycae
869 2598 881 2633 l
1026 2598 1049 2635 8
1086 2598 1296 2635 Littoribus
1329 2600 1521 2637 ΑΟὸλνα
1557 2600 1748 2637 Litoribus

171 2654 249 2686 cett.
266 2649 359 2695 Pph.
433 2648 546 2695 lyrim
567 2649 723 2687 FR2va
736 2651 987 2698 Pph.ly1·ym
1007 2653 1136 2689 Rante
1149 2665 1222 2690 ras.
1230 2666 1253 2689 ν
1284 2653 1386 2689 lirim
1405 2659 1483 2691 cett.
1499 2655 1593 2700 Pph.
1606 2655 1714 2691 schol.
1726 2668 1747 2701 y

292 2706 316 2739 t)
354 2702 525 2738 tirannus
550 2703 588 2739 A
661 2704 763 2740 follis
789 2710 1001 2743 nanterus.
1118 2707 1168 2743 10
1205 2708 1265 2743 hie
1288 2707 1380 2743 litus
1407 2709 1443 2743 Ω,
1560 2707 1609 2743 12
1649 2708 1749 2745 Ster-

168 2779 227 2816 nit
251 2780 358 2817 Rvu
441 2781 592 2832 asssquae
618 2783 642 2817 δ
720 2768 832 2819 fallat
856 2791 900 2829 ψ,
925 2795 1017 2820 corr
1044 2785 1108 2821 alt.
1128 2796 1175 2821 m.
1299 2796 1394 2832 agur
1412 2786 1436 2820 ὃ
1558 2785 1608 2821 13
1645 2786 1747 2832 potis

169 2836 371 2881 Bmcpuar.
379 2829 466 2880 ψεψ
479 2847 563 2872 uar.
570 2836 583 2871 l
626 2836 754 2881 potest
774 2836 830 2875 Ος
844 2838 921 2873 uid.
933 2837 1077 2885 Epiley.
1115 2840 1224 2884 potes
1238 2843 1316 2876 cett.
1331 2840 1450 2876 l2uar.
1466 2839 1532 2877 Ac.
1548 2840 1745 2878 Pseudacr.

170 2912 263 2959 Pph.
338 2912 512 2948 haridum
540 2914 575 2948 A
674 2912 723 2950 14
750 2914 925 2961 Conpone
954 2915 1042 2962 Gyu
1115 2901 1219 2962 ligno
1246 2931 1275 2963 φ
1313 2917 1456 2964 liqnum
1480 2930 1507 2956 u

1388 2981 1458 3014 13*
