2008 3230
273 148 441 184 LXXXII
912 150 1196 189 PRAEFATIO.

392 262 472 301 Eas
511 262 672 313 quidem
710 263 882 302 secunda
920 263 1058 303 classis
1094 263 1239 303 melius
1279 264 1553 316 conseruauit,
1598 264 1667 304 sed
1703 265 1843 305 eadem

274 322 495 372 permultas
531 322 695 372 praebet
731 323 920 362 lectiones
959 323 1182 374 singulares
1220 336 1366 374 easque
1410 324 1624 376 speciosas,
1669 338 1843 376 quarum

274 381 440 419 minima
470 394 563 431 pars
595 382 645 420 ad
675 381 808 431 ipsum
838 383 1015 433 poetam,
1054 382 1230 421 maxima
1261 384 1312 422 ad
1342 385 1520 422 ueterem
1551 385 1750 434 quendam
1779 384 1842 423 ui-

273 453 364 479 rum
396 441 575 492 doctum,
610 441 781 479 fortasse
814 441 864 479 ad
894 441 1153 493 Mauortium,
1184 442 1348 482 uidetur
1374 443 1592 482 referenda.
1653 444 1843 495 Magnam

276 513 435 550 quoque
467 500 588 538 huius
626 500 764 538 classis
803 500 1070 552 singularium
1107 501 1325 541 lectionum
1362 504 1519 552 partem
1550 516 1642 542 cum
1673 516 1721 542 ex
1751 503 1843 543 aliis

273 560 371 598 locis
408 562 496 598 tum
534 572 581 598 ex
617 559 787 598 maxime
824 561 972 599 uexato
1010 560 1080 599 illo
1120 573 1347 600 sermonum
1383 574 1505 601 uersu
1535 562 1556 600 I
1589 564 1633 614 6,
1662 564 1744 602 126
1781 563 1844 602 ita

276 619 551 669 explicandam
583 630 666 658 esse
699 620 876 670 apparet,
915 620 979 671 ut,
1012 632 1103 659 cum
1134 620 1227 659 libri
1266 621 1474 672 originarii
1509 621 1635 661 uerba
1663 622 1729 662 hic
1759 622 1843 662 illic

273 678 565 728 quodammodo
598 678 895 730 expalluissent,
927 680 1176 730 corruptelas
1207 693 1231 718 a
1262 681 1455 720 monacho
1490 681 1666 732 quodam
1697 694 1745 721 ex
1769 694 1841 721 suo

273 738 446 789 ingenio,
477 751 557 777 non
589 738 639 776 ad
666 740 852 777 ueterum
884 739 1172 789 exemplarium
1203 740 1497 791 auctoritatem,
1531 742 1727 780 correctas
1758 753 1843 780 esse

274 809 489 836 sumamus.
559 796 672 836 Adde
713 798 820 848 quod
856 810 991 837 omnes
1028 799 1150 838 huius
1188 799 1325 838 classis
1362 800 1515 839 codices
1553 802 1626 838 aut
1662 800 1844 840 mutilati

275 859 370 895 sunt
402 858 473 895 aut
504 857 712 908 uacillant,
744 857 786 894 id
818 858 926 907 quod
959 858 1157 897 schemate
1189 870 1311 909 supra
1341 859 1449 909 picto
1482 873 1520 909 p.
1546 859 1683 898 XVIII
1707 859 1843 899 docui-

273 929 372 955 mus.
422 916 565 966 Itaque
591 916 621 954 ii
652 930 731 955 non
764 918 859 955 sunt
890 917 1089 969 audiendi,
1122 918 1193 969 qui
1223 920 1272 957 ut
1295 919 1439 957 Munro
1471 920 1511 957 et
1535 919 1843 958 Blandiniorum

272 976 465 1015 librorum
498 976 760 1015 admiratores
791 976 893 1015 hanc
925 977 1052 1016 solam
1083 978 1251 1017 classem
1281 991 1352 1028 per
1379 980 1513 1017 totum
1536 978 1756 1018 Horatium
1787 991 1846 1018 se-

275 1036 345 1085 qui
376 1035 527 1074 iubent.

392 1094 439 1132 Id
471 1107 631 1145 quoque
663 1097 803 1134 notare
835 1095 949 1147 libet,
982 1109 1103 1146 opera
1134 1097 1359 1135 Horatiana
1390 1098 1432 1135 in
1463 1098 1538 1137 hac
1570 1098 1695 1137 classe
1728 1097 1847 1137 aliter

275 1154 460 1192 ordinata
492 1166 575 1192 esse
608 1155 730 1204 atque
763 1155 804 1192 in
837 1155 996 1194 ceteris:
1029 1156 1207 1194 carmina
1239 1157 1344 1194 enim
1375 1157 1477 1196 liber
1505 1158 1660 1207 epodon
1685 1157 1846 1209 excipit,

274 1214 415 1252 deinde
448 1213 633 1263 sequitur
665 1226 821 1252 carmen
855 1215 1069 1266 saeculare,
1101 1217 1190 1254 tum
1224 1228 1287 1254 315
1313 1216 1472 1266 poetica
1501 1218 1587 1255 siue
1612 1212 1730 1256 ‘liber
1753 1229 1846 1267 poe-

273 1270 519 1324 110115’,111111
540 1285 750 1323 sermones,
777 1276 865 1312 tum
885 1274 1081 1324 epistulae
1102 1270 1174 1328 (B'
1182 1286 1205 1313 σ
1212 1271 1316 1327 ''Gss
1338 1288 1441 1314 cons.
1463 1276 1590 1327 gjoA
1613 1270 1846 1330 Porphyr.);

273 1333 403 1382 prima
441 1334 480 1370 et
520 1332 640 1371 tertia
672 1333 816 1371 classes
855 1346 951 1373 uero
982 1334 1088 1373 hunc
1122 1335 1299 1373 ordinem
1331 1337 1512 1374 seruant.
1550 1335 1744 1387 carmina,
1782 1347 1847 1374 ars

273 1392 448 1442 poetica,
481 1391 635 1441 epodon
665 1392 781 1443 liber,
814 1405 972 1432 carmen
1005 1394 1223 1444 saeculare,
1263 1394 1478 1443 epistulae,
1516 1406 1716 1434 sermones
1754 1390 1847 1448 (αφ’

272 1452 349 1489 DE
384 1451 466 1490 cod
482 1451 621 1502 origin.
636 1448 776 1489 MiFi'
784 1447 836 1490 δ”
837 1447 944 1490 ''Rn
951 1466 1002 1490 roc
1034 1453 1116 1493 cod.
1132 1453 1273 1504 origin.
1287 1448 1343 1506 b).

393 1510 529 1549 Tertia
570 1511 707 1549 classis
747 1513 795 1549 ut
838 1525 1015 1550 errorum
1059 1512 1319 1551 multitudine
1365 1514 1515 1552 ceteras
1560 1515 1742 1566 superat,
1785 1513 1845 1553 ita

272 1570 452 1620 plerique
490 1583 628 1608 eorum
665 1570 855 1609 facillime
897 1571 1181 1622 dispiciuntur,
1224 1572 1320 1622 quia
1359 1572 1539 1612 inficetos
1579 1585 1624 1612 ac
1662 1573 1845 1624 stupidos

273 1630 438 1680 prodere
471 1630 601 1668 solent
633 1632 828 1681 auctores,
860 1644 930 1669 nec
961 1632 1097 1669 tamen
1127 1644 1291 1681 prorsus
1324 1632 1468 1671 desunt
1496 1632 1586 1684 loci,
1618 1633 1688 1672 ubi
1713 1633 1846 1672 deleta

272 1689 314 1727 in
347 1689 487 1728 ceteris
519 1688 721 1728 codicibus
752 1702 850 1728 uera
881 1690 1000 1729 lectio
1027 1690 1069 1728 in
1100 1691 1221 1729 tertia
1252 1691 1377 1730 classe
1408 1691 1567 1743 integra
1597 1691 1844 1732 remanserit.

273 1748 491 1787 Archaicae
524 1761 701 1799 quoque,
743 1761 843 1799 quas
877 1749 1026 1801 dicunt,
1064 1751 1215 1790 formae
1246 1750 1288 1789 in
1319 1751 1439 1789 huius
1472 1751 1610 1790 classis
1642 1751 1844 1791 codicibus

273 1808 421 1858 optime
460 1809 644 1846 seruatae
676 1811 787 1859 sunt3
825 1809 963 1859 itaque
1001 1809 1110 1848 haud
1148 1810 1308 1848 omnino
1346 1811 1585 1860 spernendos
1616 1811 1844 1850 censuimus

271 1868 342 1905 hos
374 1867 513 1918 libros,
552 1867 620 1906 sed
657 1867 914 1906 adhibuimus
946 1881 1038 1907 cum
1075 1869 1190 1920 alibi,
1228 1871 1318 1908 tum
1349 1870 1423 1908 sub
1454 1870 1574 1909 finem
1605 1882 1843 1922 sermonum,

270 1927 341 1964 ubi
372 1928 595 1965 ceterarum
627 1927 815 1966 classium
846 1928 939 1966 libri
969 1940 1040 1967 nos
1073 1928 1311 1969 destituunt.

393 1985 551 2025 Conexa
583 1988 643 2024 651
674 1999 766 2025 011111
796 1987 870 2026 1130
902 1988 1027 2026 013336
1052 1988 1209 2027 familia
1233 1984 1290 2040 u',
1323 1989 1439 2027 cuius
1464 1989 1735 2029 recensionem
1760 2002 1845 2030 sae-

273 2058 362 2096 culo
395 2058 473 2095 VII
504 2058 571 2095 uel
602 2058 702 2095 VIII
733 2058 775 2096 in
810 2059 1051 2098 monasterio
1091 2059 1227 2110 aliquo
1258 2060 1579 2112 Francogallico‚
1617 2061 1844 2101 Floriacen-

275 2118 378 2155 sium
409 2118 579 2156 fortasse
611 2117 679 2156 uel
709 2117 1073 2170 Aurelianensium,
1110 2119 1169 2158 ita
1199 2120 1349 2158 factam
1381 2132 1465 2159 esse
1497 2120 1762 2172 suspicamur,
1796 2122 1845 2160 ut

272 2177 490 2216 monachus
522 2176 686 2226 quidam
718 2178 914 2216 secundae
952 2178 1089 2217 classis
1127 2179 1301 2218 codicem
1332 2179 1596 2219 uetustiorem
1627 2180 1844 2232 adhiberet,

272 2237 377 2274 unde
405 2236 667 2288 originarium
693 2249 811 2275 suum
836 2237 994 2304 librum,
1028 2238 1098 2288 qui
1122 2239 1257 2277 fuerat
1282 2239 1425 2278 tertiae
1452 2239 1601 2291 classis,
1632 2239 1844 2291 permultis

275 2296 373 2334 locis
406 2296 621 2347 corrigeret
653 2298 724 2334 aut
756 2299 861 2335 certe
893 2298 1028 2335 uarias
1060 2298 1250 2337 lectiones
1283 2298 1535 2338 adscriberet.

394 2356 549 2393 Harum
580 2355 768 2394 classium
800 2356 912 2394 nulla
941 2357 990 2395 ab
1029 2358 1156 2396 altera
1186 2357 1349 2409 pendet,
1387 2358 1465 2397 nisi
1497 2358 1606 2421 quod
1635 2358 1678 2396 in
1709 2357 1845 2409 lyricis

275 2426 381 2464 inter
416 2427 436 2463 Ι
474 2428 514 2464 61
550 2426 607 2477 II,
650 2427 692 2465 in
730 2428 939 2494 dactylicis
976 2428 1082 2467 inter
1117 2429 1137 2466 I
1174 2430 1215 2467 61
1251 2429 1314 2466 III
1351 2417 1604 2468 cohaerentia
1645 2429 1843 2478 quaedam

277 2485 442 2524 subinde
469 2486 724 2538 conspicitur,
750 2487 865 2526 cuius
890 2487 1194 2526 necessitudinis
1213 2488 1286 2526 hoc
1312 2489 1470 2527 schema
1494 2488 1616 2527 liceat
1634 2487 1842 2527 deliniare.

953 2588 971 2646 1
1159 2580 1196 2623 n
1375 2580 1429 2623 ᾖ

692 2706 733 2740 111
758 2705 886 2751 lyricis
961 2686 964 2811 ι

1169 2802 1173 2810 ι

1941 0 1948 13 2·
1953 0 2008 25 ΨΜ,
