2008 3230
270 165 404 200 LXXX
911 160 1198 198 PRAEFATIO.

270 280 330 317 est
367 278 445 317 nisi
476 277 733 328 paraphrasis
765 276 885 315 schol.
921 277 959 313 Γ
993 275 1175 314 confecta
1205 274 1274 313 uel
1310 272 1361 312 ab
1391 272 1566 311 Alcuino
1597 271 1684 323 ipso
1722 272 1790 312 uel
1821 283 1846 310 a

272 350 468 400 discipulo
507 349 682 399 quodam
717 348 838 386 huius
870 346 1054 398 magistri
1092 345 1249 384 saeculo
1282 345 1420 395 VHII3
1458 344 1648 383 lemmata
1684 345 1846 394 sumpta

272 421 356 448 esse
393 422 441 448 ex
483 409 585 447 libro
630 408 767 458 aliquo
808 406 952 445 tertiae
994 405 1132 444 classis
1177 403 1540 444 demonstrauimus
1575 403 1619 442 in
1657 402 1846 443 Zeitschr.

271 469 298 507 f.
324 469 361 507 d.
388 470 525 508 &stem
552 467 694 517 Gymn.
725 467 836 505 1877
869 479 907 516 p.
936 466 1019 504 516
1037 478 1120 516 sqq.

392 575 620 614 Postremos
660 586 880 613 memorare
922 572 1110 611 debemus
1152 572 1252 611 duos
1292 572 1465 623 codices,
1507 570 1578 622 qui
1625 571 1674 609 ut
1713 571 1845 610 certae

272 635 391 674 classi
410 636 617 685 nequeunt
640 633 822 684 adscribi,
848 633 908 671 ita
931 634 1097 682 propter
1115 632 1339 683 singulares
1359 631 1553 682 quasdam
1579 631 1653 670 aut
1675 629 1847 669 rariores

272 694 463 734 lectiones
489 694 647 745 aliquot
670 694 769 732 locis
787 692 896 731 haud
921 691 1121 731 inutiliter
1145 691 1325 730 adhiberi
1343 692 1525 741 possunt.
1578 690 1684 729 Sunt
1709 690 1846 728 autem

273 753 447 792 Parisini
477 767 504 792 n
530 756 571 793 et
596 766 625 792 s.

1048 825 1075 850 n

395 911 422 936 n
441 914 497 928 =
517 895 895 957 Nostradamensis—
893 894 1101 934 Parisinus
1124 895 1207 933 184
1235 888 1292 947 (ὲ,
1311 893 1475 944 l’Eglise
1501 892 1549 931 de
1573 891 1688 931 Paris
1713 891 1765 931 M.
1787 885 1849 945 9')

276 969 617 1020 membranaceus,
650 967 808 1007 saeculo
840 966 897 1005 XI
929 968 1097 1005 exeunte
1123 965 1305 1017 scriptus,
1337 965 1526 1004 soliorum
1554 963 1652 1014 123,
1679 962 1734 1000 33
1759 974 1849 1001 uer-

275 1042 393 1067 suum
431 1029 473 1066 in
505 1027 675 1079 singulis
712 1026 883 1077 paginis.
939 1026 1023 1064 Fol.
1057 1027 1098 1063 1¹
1128 1025 1296 1076 legitur:
1342 1020 1424 1063 ‘Ex
1461 1025 1560 1062 dono
1591 1023 1678 1062 Dm)
1715 1021 1854 1071 Gayne

275 1089 322 1127 dc
346 1089 515 1137 Periywy
542 1086 731 1126 Ganom'oz·
755 1086 1008 1130 Parisiensis,
1038 1097 1141 1123 anno
1168 1079 1304 1123 1734?
1355 1083 1545 1122 Continet
1568 1094 1701 1131 carm„
1726 1080 1853 1132 epod„

275 1161 306 1187 c.
334 1161 375 1199 s.,
401 1160 434 1186 a.
460 1161 511 1198 p.,
543 1146 671 1197 epist,
703 1158 817 1184 serm.
881 1144 1018 1184 Scatet
1048 1143 1246 1195 peruersis
1278 1155 1324 1182 ac
1349 1142 1574 1182 recentibus
1600 1139 1852 1191 lectionibus,

278 1209 327 1245 ut
351 1220 382 1246 0.
410 1219 438 1246 S.
467 1208 519 1245 71
549 1209 663 1245 curel.
720 1218 751 1244 c.
773 1217 802 1244 s.
829 1206 883 1244 49
909 1206 1049 1253 quique
1073 1217 1145 1254 pro
1172 1215 1355 1252 quaeque.
1411 1215 1442 1242 c.
1469 1202 1532 1241 ΙΠ
1553 1202 1591 1253 7,
1613 1201 1667 1240 22
1694 1199 1851 1250 spernit.

277 1267 390 1317 epist.
423 1266 444 1304 I
473 1268 539 1317 17,
573 1266 626 1303 52
667 1265 928 1303 brundusium
958 1276 1029 1313 pro
1063 1264 1310 1302 brundisium
1347 1256 1458 1315 (cum
1497 1254 1636 1313 Μπ2).
1693 1258 1808 1310 epist.
1833 1257 1855 1297 Ι

281 1327 347 1378 18,
381 1327 435 1364 46
476 1326 611 1364 aeoliis
651 1337 722 1374 pro
765 1324 899 1362 aetolis
936 1319 1048 1377 (cum
1085 1323 1200 1375 phf).
1267 1322 1379 1371 epod.
1414 1322 1481 1372 17,
1516 1321 1572 1359 50
1606 1319 1856 1368 paq-tumim

280 1388 422 1424 natum
447 1398 494 1423 ex
516 1387 677 1433 partum
703 1385 785 1422 eius
810 1396 881 1433 pro
900 1385 1063 1431 pactum
1089 1384 1171 1421 eius
1198 1378 1419 1434 (archetyp.
1444 1372 1722 1433 pactwmeius).
1760 1376 1856 1416 vHic

279 1447 415 1484 noster
445 1445 528 1483 cod.
555 1458 582 1482 n
613 1445 673 1482 est
705 1443 921 1481 Pulmanni
952 1442 998 1480 B.

1062 1559 1080 1586 S

398 1635 416 1662 s
448 1640 503 1653 =
537 1621 797 1662 Sorbonensis
847 1620 1056 1660 Parisinus
1102 1619 1215 1658 1578
1266 1618 1592 1658 membranaceus
1640 1629 1742 1657 saec.
1777 1617 1855 1656 XII

281 1682 482 1734 exeuntis,
515 1695 563 1721 ex
593 1681 836 1720 bibliotheca
873 1679 1018 1720 Contii.
1082 1678 1269 1718 Continet
1305 1679 1386 1717 182
1420 1678 1529 1717 foliis
1566 1676 1856 1728 expositionem

279 1742 486 1781 metricam
506 1743 547 1780 et
566 1741 685 1792 uitas,
706 1754 838 1792 carm,
859 1740 985 1790 epod,
1005 1752 1036 1779 c.
1052 1751 1093 1790 s.,
1123 1752 1158 1780 a.
1171 1752 1221 1789 p.,
1242 1738 1370 1790 epist,
1391 1750 1504 1776 serm.
1542 1737 1590 1775 In
1609 1736 1854 1775 deteriorum

279 1802 476 1840 librorum
508 1813 673 1840 numero
705 1800 912 1850 ponendus
945 1800 1015 1838 est.
1071 1798 1244 1837 Exhibet
1275 1810 1307 1837 c.
1333 1797 1353 1836 I
1380 1798 1417 1849 3,
1445 1797 1752 1845 36perrupitque
1781 1807 1854 1846 pro

274 1864 459 1910 perrupit
483 1874 575 1900 cum
594 1861 620 1912 β
628 1863 718 1899 2θ2
730 1868 790 1899 v2.
843 1859 957 1909 epist.
983 1858 1004 1896 I
1026 1860 1092 1910 10,
1119 1859 1172 1896 24
1200 1858 1369 1906 expellas
1387 1870 1458 1907 pro
1480 1856 1651 1906 expelles.
1684 1868 1720 1894 a.
1738 1868 1777 1906 p.
1801 1855 1854 1894 18

279 1921 423 1959 rhenus
448 1933 520 1970 pro
545 1921 719 1958 rhenwm.
775 1919 912 1957 Etiam
937 1918 1056 1957 lectio
1082 1930 1215 1956 rerum
1240 1917 1354 1968 epist.
1380 1916 1401 1954 I
1429 1918 1495 1968 17,
1523 1917 1575 1954 21
1604 1928 1696 1954 011111
1727 1910 1855 1965 6'uj2

281 1993 353 2030 pro
385 1992 525 2018 uerum
555 1979 767 2018 recentiori
799 1978 960 2018 cuidam
997 1977 1243 2017 emendatori
1274 1976 1488 2015 tribuenda
1518 1975 1699 2027 uidetur3
1737 1987 1857 2025 quem

281 2039 452 2078 eundem
483 2039 607 2078 fuisse
639 2039 890 2088 suspicamur
922 2039 1044 2089 atque
1077 2039 1283 2076 auctorem
1313 2035 1459 2075 codicis
1491 2031 1554 2074 6''.

878 2157 1069 2197 Codicum
1100 2157 1257 2196 classes.

400 2242 487 2281 Iam
517 2253 614 2281 uero
645 2242 863 2291 postquam
894 2253 1029 2280 omnes
1061 2253 1128 2279 eos
1153 2239 1319 2291 codices,
1351 2238 1422 2289 qui
1453 2237 1506 2277 ad
1535 2250 1682 2276 uerum*
1709 2235 1854 2276 Horati

282 2304 513 2341 contextum
544 2301 762 2340 eruendum
794 2300 965 2339 alicuius
996 2299 1199 2339 momenti·
1220 2312 1304 2338 esse
1334 2298 1542 2349 uidentur,
1573 2296 1856 2348 recensuimus,

282 2363 325 2400 in
356 2375 441 2400 rem
473 2373 557 2400 esse
595 2360 781 2398 duximus
819 2360 866 2398 de
904 2359 1129 2398 rationibus
1166 2359 1314 2398 nostris
1352 2357 1501 2396 criticis
1538 2357 1581 2395 in
1617 2356 1855 2395 uniuersum
1936 2368 1943 2375 ·

283 2421 586 2472 aliquantulum
616 2420 807 2459 disserere
838 2419 960 2469 idque
991 2419 1051 2457 ita
1081 2420 1130 2457 ut
1154 2431 1234 2457 non
1266 2417 1443 2456 carmina
1473 2416 1602 2467 modo,
1635 2416 1703 2454 sed
1734 2415 1857 2454 etiam

285 2493 484 2521 sermones
516 2482 638 2531 atque
671 2478 864 2529 epistulas
895 2478 1192 2528 respiceremus

404 2540 551 2580 Omnes
591 2539 685 2578 libri
723 2537 845 2577 diuisi
886 2539 981 2576 sunt
1017 2537 1060 2575 in
1097 2537 1242 2576 classes
1279 2537 1377 2586 tres,
1419 2547 1520 2585 quas
1557 2534 1614 2573 sic
1650 2533 1733 2573 fere
1763 2533 1860 2572 licet

284 2600 493 2640 deliniare:

400 2660 536 2699 Prima
566 2658 704 2698 classis
730 2674 786 2689 =
813 2652 931 2710 ayD'
958 2650 1061 2710 (Dv)
1086 2649 1240 2709 ξ’(ξΜ)
1264 2654 1432 2705 ubique;

570 2719 614 2757 in
644 2731 775 2770 carm,
807 2729 933 2768 serm,
965 2729 999 2755 a.
1026 2729 1064 2766 p.
1091 2715 1214 2754 etiam
1244 2715 1290 2753 E.

572 2778 615 2817 in
647 2777 833 2828 epistulis
865 2776 913 2816 A.

571 2837 779 2877 Accedunt
802 2837 838 2875 R
863 2838 904 2875 et
928 2851 952 2875 ν
976 2835 1047 2875 ubi
1072 2847 1152 2874 non
1175 2832 1337 2872 tertiam
1356 2832 1522 2871 classem
1540 2831 1856 2882 repraesentant.

572 2897 677 2936 Item
707 2897 722 2935 i
753 2896 997 2946 ubicumque
1029 2908 1108 2934 non
1139 2907 1231 2933 cum
1262 2892 1437 2932 secunda
1467 2892 1592 2931 classe
1622 2891 1731 2931 facit.

410 2957 614 2997 Secundae
641 2956 779 2995 classis
809 2955 904 2995 uide
931 2956 1089 2996 schema
1120 2965 1243 3004 supra
1267 2953 1422 3003 pictum
1451 2966 1489 3002 p.
1515 2951 1663 2991 XVIII.
