<?xml version="1.0" encoding="UTF-8"?>
<!DOCTYPE html PUBLIC "-//W3C//DTD XHTML 1.0 Transitional//EN"
    "http://www.w3.org/TR/xhtml1/DTD/xhtml1-transitional.dtd">
<html xmlns="http://www.w3.org/1999/xhtml" xml:lang="en" lang="en">
 <head>
  <title>
</title>
<meta http-equiv="Content-Type" content="text/html;charset=utf-8" />
  <meta name='ocr-system' content='tesseract 3.04.00' />
  <meta name='ocr-capabilities' content='ocr_page ocr_carea ocr_par ocr_line ocrx_word'/>
</head>
<body>
  <div class='ocr_page' id='page_1' title='image "./operahora01horauoft_0026.png"; bbox 0 0 2008 3230; ppageno 0'>
   <div class='ocr_carea' id='block_1_1' title="bbox 252 153 1182 190">
    <p class='ocr_par' dir='ltr' id='par_1_1' title="bbox 252 153 1182 190">
     <span class='ocr_line' id='line_1_1' title="bbox 252 153 1182 190; baseline 0.001 -2"><span class='ocrx_word' id='word_1_1' title='bbox 252 153 355 189; x_wconf 87' lang='lat' dir='ltr'><strong>XXII</strong></span> <span class='ocrx_word' id='word_1_2' title='bbox 894 153 1182 190; x_wconf 83' lang='lat' dir='ltr'><strong>PRAEFATIO.</strong></span> 
     </span>
    </p>
   </div>
   <div class='ocr_carea' id='block_1_2' title="bbox 256 265 1826 1268">
    <p class='ocr_par' dir='ltr' id='par_1_2' title="bbox 256 265 1826 1268">
     <span class='ocr_line' id='line_1_2' title="bbox 429 265 889 316; baseline 0.002 -12"><span class='ocrx_word' id='word_1_3' title='bbox 429 279 461 305; x_wconf 83' lang='lat' dir='ltr'>c.</span> <span class='ocrx_word' id='word_1_4' title='bbox 482 265 564 304; x_wconf 87' lang='lat' dir='ltr'>IIII</span> <span class='ocrx_word' id='word_1_5' title='bbox 586 268 622 316; x_wconf 86' lang='grc'>7,</span> <span class='ocrx_word' id='word_1_6' title='bbox 643 267 695 305; x_wconf 85' lang='grc'>27</span> <span class='ocrx_word' id='word_1_7' title='bbox 731 266 889 311; x_wconf 79' lang='lat' dir='ltr'>lethaea,</span> 
     </span>
     <span class='ocr_line' id='line_1_3' title="bbox 430 319 1824 379; baseline -0.001 -15"><span class='ocrx_word' id='word_1_8' title='bbox 430 337 460 366; x_wconf 90' lang='lat' dir='ltr'>s.</span> <span class='ocrx_word' id='word_1_9' title='bbox 484 325 505 363; x_wconf 99' lang='grc' dir='ltr'>Ι</span> <span class='ocrx_word' id='word_1_10' title='bbox 527 327 564 375; x_wconf 94' lang='grc'>1,</span> <span class='ocrx_word' id='word_1_11' title='bbox 584 327 651 365; x_wconf 90' lang='lat'>51.</span> <span class='ocrx_word' id='word_1_12' title='bbox 673 327 740 365; x_wconf 87' lang='lat'>59.</span> <span class='ocrx_word' id='word_1_13' title='bbox 763 326 799 377; x_wconf 85' lang='lat'>2,</span> <span class='ocrx_word' id='word_1_14' title='bbox 828 326 894 365; x_wconf 88' lang='grc'>37.</span> <span class='ocrx_word' id='word_1_15' title='bbox 923 326 1005 364; x_wconf 89' lang='grc'>132</span> <span class='ocrx_word' id='word_1_16' title='bbox 1038 324 1081 364; x_wconf 89' lang='lat' dir='ltr'>in</span> <span class='ocrx_word' id='word_1_17' title='bbox 1111 325 1145 364; x_wconf 92' lang='lat' dir='ltr'>B</span> <span class='ocrx_word' id='word_1_18' title='bbox 1178 319 1410 379; x_wconf 86' lang='lat' dir='ltr'>(deficiente</span> <span class='ocrx_word' id='word_1_19' title='bbox 1438 321 1494 377; x_wconf 82' lang='lat' dir='ltr'>O)</span> <span class='ocrx_word' id='word_1_20' title='bbox 1526 325 1733 363; x_wconf 85' lang='lat' dir='ltr'>seruatum</span> <span class='ocrx_word' id='word_1_21' title='bbox 1763 325 1824 363; x_wconf 84' lang='lat' dir='ltr'>est</span> 
     </span>
     <span class='ocr_line' id='line_1_4' title="bbox 534 383 1822 436; baseline -0.001 -13"><span class='ocrx_word' id='word_1_22' title='bbox 534 384 629 434; x_wconf 80' lang='lat' dir='ltr'>(e)st</span> <span class='ocrx_word' id='word_1_23' title='bbox 662 397 754 424; x_wconf 89' lang='lat' dir='ltr'>cum</span> <span class='ocrx_word' id='word_1_24' title='bbox 794 396 986 436; x_wconf 81' lang='lat' dir='ltr'>apocope,</span> <span class='ocrx_word' id='word_1_25' title='bbox 1024 385 1165 435; x_wconf 84' lang='lat' dir='ltr'>semel,</span> <span class='ocrx_word' id='word_1_26' title='bbox 1196 397 1224 425; x_wconf 91' lang='lat' dir='ltr'>s.</span> <span class='ocrx_word' id='word_1_27' title='bbox 1249 384 1272 423; x_wconf 95' lang='lat' dir='ltr'>I</span> <span class='ocrx_word' id='word_1_28' title='bbox 1293 387 1330 436; x_wconf 91' lang='lat'>1,</span> <span class='ocrx_word' id='word_1_29' title='bbox 1352 385 1419 435; x_wconf 88' lang='lat'>51,</span> <span class='ocrx_word' id='word_1_30' title='bbox 1450 396 1576 434; x_wconf 85' lang='lat' dir='ltr'>praue</span> <span class='ocrx_word' id='word_1_31' title='bbox 1606 383 1822 434; x_wconf 86' lang='lat' dir='ltr'>transcrip-</span> 
     </span>
     <span class='ocr_line' id='line_1_5' title="bbox 534 443 773 484; baseline 0.004 -2"><span class='ocrx_word' id='word_1_32' title='bbox 534 444 623 482; x_wconf 92' lang='lat' dir='ltr'>tum</span> <span class='ocrx_word' id='word_1_33' title='bbox 653 443 696 482; x_wconf 90' lang='lat' dir='ltr'>in</span> <span class='ocrx_word' id='word_1_34' title='bbox 726 445 773 484; x_wconf 77' lang='lat' dir='ltr'>rt.</span> 
     </span>
     <span class='ocr_line' id='line_1_6' title="bbox 370 500 1674 554; baseline 0 -13"><span class='ocrx_word' id='word_1_35' title='bbox 370 502 604 542; x_wconf 84' lang='lat' dir='ltr'>Notandum</span> <span class='ocrx_word' id='word_1_36' title='bbox 635 515 795 554; x_wconf 86' lang='lat' dir='ltr'>quoque</span> <span class='ocrx_word' id='word_1_37' title='bbox 827 503 967 542; x_wconf 67' lang='lat' dir='ltr'>dedicit</span> <span class='ocrx_word' id='word_1_38' title='bbox 996 515 1031 542; x_wconf 81' lang='lat' dir='ltr'>a.</span> <span class='ocrx_word' id='word_1_39' title='bbox 1063 517 1101 554; x_wconf 90' lang='lat' dir='ltr'>p.</span> <span class='ocrx_word' id='word_1_40' title='bbox 1134 505 1219 543; x_wconf 87' lang='lat'>415</span> <span class='ocrx_word' id='word_1_41' title='bbox 1253 503 1287 542; x_wconf 92' lang='lat' dir='ltr'>B</span> <span class='ocrx_word' id='word_1_42' title='bbox 1322 502 1435 552; x_wconf 69' lang='lat' dir='ltr'>(dicit</span> <span class='ocrx_word' id='word_1_43' title='bbox 1464 500 1537 551; x_wconf 81' lang='lat'>01)</span> <span class='ocrx_word' id='word_1_44' title='bbox 1569 503 1611 541; x_wconf 87' lang='lat' dir='ltr'>ct</span> <span class='ocrx_word' id='word_1_45' title='bbox 1670 519 1674 522; x_wconf 88' lang='grc'><em>·</em></span> 
     </span>
     <span class='ocr_line' id='line_1_7' title="bbox 826 555 1824 616; baseline -0.001 -15"><span class='ocrx_word' id='word_1_46' title='bbox 826 562 952 601; x_wconf 79' lang='lat' dir='ltr'>ircwm</span> <span class='ocrx_word' id='word_1_47' title='bbox 971 574 1000 602; x_wconf 83' lang='lat' dir='ltr'>s,</span> <span class='ocrx_word' id='word_1_48' title='bbox 1019 561 1040 600; x_wconf 95' lang='lat' dir='ltr'>I</span> <span class='ocrx_word' id='word_1_49' title='bbox 1064 564 1103 611; x_wconf 87' lang='lat'>2,</span> <span class='ocrx_word' id='word_1_50' title='bbox 1125 564 1176 602; x_wconf 84' lang='lat'>27</span> <span class='ocrx_word' id='word_1_51' title='bbox 1198 562 1232 600; x_wconf 90' lang='grc' dir='ltr'>Β</span> <span class='ocrx_word' id='word_1_52' title='bbox 1253 557 1480 616; x_wconf 87' lang='lat' dir='ltr'>(deficiente</span> <span class='ocrx_word' id='word_1_53' title='bbox 1496 556 1544 616; x_wconf 82' lang='lat' dir='ltr'>O)</span> <span class='ocrx_word' id='word_1_54' title='bbox 1565 573 1599 601; x_wconf 83' lang='lat' dir='ltr'>a.</span> <span class='ocrx_word' id='word_1_55' title='bbox 1614 574 1651 612; x_wconf 89' lang='lat' dir='ltr'>p.</span> <span class='ocrx_word' id='word_1_56' title='bbox 1667 561 1753 601; x_wconf 81' lang='lat'>220</span> <span class='ocrx_word' id='word_1_57' title='bbox 1766 555 1824 600; x_wconf 83' lang='lat' dir='ltr'>B&#39;.</span> 
     </span>
     <span class='ocr_line' id='line_1_8' title="bbox 370 620 1825 672; baseline 0 -13"><span class='ocrx_word' id='word_1_58' title='bbox 370 620 622 660; x_wconf 84' lang='lat' dir='ltr'>Aduersante</span> <span class='ocrx_word' id='word_1_59' title='bbox 655 620 685 660; x_wconf 82' lang='lat' dir='ltr'>O</span> <span class='ocrx_word' id='word_1_60' title='bbox 717 620 839 660; x_wconf 82' lang='lat' dir='ltr'>codex</span> <span class='ocrx_word' id='word_1_61' title='bbox 869 621 903 660; x_wconf 95' lang='lat' dir='ltr'>B</span> <span class='ocrx_word' id='word_1_62' title='bbox 935 621 1044 661; x_wconf 90' lang='lat' dir='ltr'>solus</span> <span class='ocrx_word' id='word_1_63' title='bbox 1082 621 1264 661; x_wconf 84' lang='lat' dir='ltr'>seruauit</span> <span class='ocrx_word' id='word_1_64' title='bbox 1303 620 1396 671; x_wconf 77' lang='lat' dir='ltr'>(e)st</span> <span class='ocrx_word' id='word_1_65' title='bbox 1426 633 1630 672; x_wconf 83' lang='lat' dir='ltr'>apocopen</span> <span class='ocrx_word' id='word_1_66' title='bbox 1661 632 1825 672; x_wconf 86' lang='lat' dir='ltr'>passum</span> 
     </span>
     <span class='ocr_line' id='line_1_9' title="bbox 259 681 1479 731; baseline 0.002 -12"><span class='ocrx_word' id='word_1_67' title='bbox 259 693 292 719; x_wconf 80' lang='lat' dir='ltr'>a.</span> <span class='ocrx_word' id='word_1_68' title='bbox 325 694 363 731; x_wconf 91' lang='lat' dir='ltr'>p.</span> <span class='ocrx_word' id='word_1_69' title='bbox 398 681 494 719; x_wconf 84' lang='lat'>264.</span> <span class='ocrx_word' id='word_1_70' title='bbox 516 682 614 720; x_wconf 88' lang='grc'><strong>304.</strong></span> <span class='ocrx_word' id='word_1_71' title='bbox 635 681 731 720; x_wconf 88' lang='lat'>353.</span> <span class='ocrx_word' id='word_1_72' title='bbox 754 682 850 720; x_wconf 89' lang='lat'>386.</span> <span class='ocrx_word' id='word_1_73' title='bbox 872 681 956 720; x_wconf 88' lang='lat'>409</span> <span class='ocrx_word' id='word_1_74' title='bbox 991 682 1032 720; x_wconf 89' lang='lat' dir='ltr'>et</span> <span class='ocrx_word' id='word_1_75' title='bbox 1062 681 1212 720; x_wconf 71' lang='lat' dir='ltr'>deciens</span> <span class='ocrx_word' id='word_1_76' title='bbox 1244 693 1279 719; x_wconf 82' lang='lat' dir='ltr'>a.</span> <span class='ocrx_word' id='word_1_77' title='bbox 1310 694 1348 731; x_wconf 87' lang='lat' dir='ltr'>p.</span> <span class='ocrx_word' id='word_1_78' title='bbox 1382 682 1479 721; x_wconf 86' lang='lat'>365.</span> 
     </span>
     <span class='ocr_line' id='line_1_10' title="bbox 374 735 1826 793; baseline -0.001 -15"><span class='ocrx_word' id='word_1_79' title='bbox 374 739 484 786; x_wconf 85' lang='lat' dir='ltr'>Quae</span> <span class='ocrx_word' id='word_1_80' title='bbox 526 752 661 779; x_wconf 89' lang='lat' dir='ltr'>omnes</span> <span class='ocrx_word' id='word_1_81' title='bbox 700 739 889 780; x_wconf 85' lang='lat' dir='ltr'>lectiones</span> <span class='ocrx_word' id='word_1_82' title='bbox 931 740 1029 790; x_wconf 89' lang='lat' dir='ltr'>quin</span> <span class='ocrx_word' id='word_1_83' title='bbox 1069 739 1111 778; x_wconf 90' lang='lat' dir='ltr'>in</span> <span class='ocrx_word' id='word_1_84' title='bbox 1145 735 1191 779; x_wconf 81' lang='lat' dir='ltr'>B&#39;</span> <span class='ocrx_word' id='word_1_85' title='bbox 1222 739 1394 791; x_wconf 77' lang='lat' dir='ltr'>scriptae</span> <span class='ocrx_word' id='word_1_86' title='bbox 1434 739 1603 790; x_wconf 80' lang='lat' dir='ltr'>fuerint,</span> <span class='ocrx_word' id='word_1_87' title='bbox 1644 739 1826 793; x_wconf 84' lang='lat' dir='ltr'>nonest</span> 
     </span>
     <span class='ocr_line' id='line_1_11' title="bbox 256 793 1805 849; baseline 0.001 -12"><span class='ocrx_word' id='word_1_88' title='bbox 256 798 364 849; x_wconf 89' lang='lat' dir='ltr'>quod</span> <span class='ocrx_word' id='word_1_89' title='bbox 393 798 634 839; x_wconf 84' lang='lat' dir='ltr'>dubitemus.</span> <span class='ocrx_word' id='word_1_90' title='bbox 1620 793 1623 807; x_wconf 74' lang='lat'>²</span> <span class='ocrx_word' id='word_1_91' title='bbox 1743 836 1746 838; x_wconf 89' lang='lat'>.</span> <span class='ocrx_word' id='word_1_92' title='bbox 1803 794 1805 797; x_wconf 44' lang='lat'>¹</span> 
     </span>
     <span class='ocr_line' id='line_1_12' title="bbox 337 856 1826 911; baseline 0.001 -17"><span class='ocrx_word' id='word_1_93' title='bbox 337 892 339 894; x_wconf 85' lang='grc'><em>,</em></span> <span class='ocrx_word' id='word_1_94' title='bbox 368 857 575 898; x_wconf 76' lang='lat' dir='ltr'>Interdum</span> <span class='ocrx_word' id='word_1_95' title='bbox 593 858 636 897; x_wconf 91' lang='lat' dir='ltr'>in</span> <span class='ocrx_word' id='word_1_96' title='bbox 656 859 786 898; x_wconf 90' lang='lat' dir='ltr'>solum</span> <span class='ocrx_word' id='word_1_97' title='bbox 797 858 832 897; x_wconf 94' lang='lat' dir='ltr'>B</span> <span class='ocrx_word' id='word_1_98' title='bbox 845 858 1200 911; x_wconf 84' lang='lat' dir='ltr'>grammaticorum</span> <span class='ocrx_word' id='word_1_99' title='bbox 1213 871 1345 911; x_wconf 86' lang='lat' dir='ltr'>nugae</span> <span class='ocrx_word' id='word_1_100' title='bbox 1359 859 1538 907; x_wconf 75' lang='lat' dir='ltr'>intrusae</span> <span class='ocrx_word' id='word_1_101' title='bbox 1554 856 1758 907; x_wconf 87' lang='lat' dir='ltr'>uidentur,</span> <span class='ocrx_word' id='word_1_102' title='bbox 1776 857 1826 895; x_wconf 87' lang='lat' dir='ltr'>ut</span> 
     </span>
     <span class='ocr_line' id='line_1_13' title="bbox 429 910 1782 972; baseline -0.001 -16"><span class='ocrx_word' id='word_1_103' title='bbox 429 929 631 967; x_wconf 75' lang='lat' dir='ltr'>cypressus</span> <span class='ocrx_word' id='word_1_104' title='bbox 660 931 732 968; x_wconf 88' lang='lat' dir='ltr'>pro</span> <span class='ocrx_word' id='word_1_105' title='bbox 765 929 971 966; x_wconf 76' lang='lat' dir='ltr'>cupressus</span> <span class='ocrx_word' id='word_1_106' title='bbox 1001 931 1033 957; x_wconf 86' lang='lat' dir='ltr'>c.</span> <span class='ocrx_word' id='word_1_107' title='bbox 1063 917 1147 956; x_wconf 92' lang='grc' dir='ltr'>ΙΠΙ</span> <span class='ocrx_word' id='word_1_108' title='bbox 1168 921 1205 970; x_wconf 90' lang='grc'>6,</span> <span class='ocrx_word' id='word_1_109' title='bbox 1229 920 1284 958; x_wconf 91' lang='grc'>10</span> <span class='ocrx_word' id='word_1_110' title='bbox 1317 918 1349 956; x_wconf 91' lang='grc' dir='ltr'>Β</span> <span class='ocrx_word' id='word_1_111' title='bbox 1383 912 1642 972; x_wconf 84' lang='lat' dir='ltr'>(aduersante</span> <span class='ocrx_word' id='word_1_112' title='bbox 1663 910 1732 970; x_wconf 69' lang='grc' dir='ltr'>Ο),</span> <span class='ocrx_word' id='word_1_113' title='bbox 1780 926 1782 928; x_wconf 76' lang='grc'>’</span> 
     </span>
     <span class='ocr_line' id='line_1_14' title="bbox 427 971 1145 1031; baseline 0.001 -16"><span class='ocrx_word' id='word_1_114' title='bbox 427 977 566 1015; x_wconf 77' lang='lat' dir='ltr'>nauim</span> <span class='ocrx_word' id='word_1_115' title='bbox 596 989 628 1016; x_wconf 91' lang='lat' dir='ltr'>c.</span> <span class='ocrx_word' id='word_1_116' title='bbox 658 976 680 1014; x_wconf 95' lang='lat' dir='ltr'>I</span> <span class='ocrx_word' id='word_1_117' title='bbox 700 978 767 1028; x_wconf 85' lang='grc'>32,</span> <span class='ocrx_word' id='word_1_118' title='bbox 789 978 814 1016; x_wconf 89' lang='lat'>8</span> <span class='ocrx_word' id='word_1_119' title='bbox 847 977 881 1015; x_wconf 91' lang='lat' dir='ltr'>B</span> <span class='ocrx_word' id='word_1_120' title='bbox 913 971 1042 1030; x_wconf 84' lang='lat' dir='ltr'>(defle.</span> <span class='ocrx_word' id='word_1_121' title='bbox 1076 972 1145 1031; x_wconf 67' lang='grc' dir='ltr'>Ο),</span> 
     </span>
     <span class='ocr_line' id='line_1_15' title="bbox 428 1030 1139 1090; baseline 0 -16"><span class='ocrx_word' id='word_1_122' title='bbox 428 1035 602 1074; x_wconf 76' lang='lat' dir='ltr'>similare</span> <span class='ocrx_word' id='word_1_123' title='bbox 633 1048 667 1074; x_wconf 87' lang='lat' dir='ltr'>a.</span> <span class='ocrx_word' id='word_1_124' title='bbox 699 1049 736 1085; x_wconf 95' lang='lat' dir='ltr'>p.</span> <span class='ocrx_word' id='word_1_125' title='bbox 773 1037 828 1075; x_wconf 88' lang='lat'>20</span> <span class='ocrx_word' id='word_1_126' title='bbox 859 1035 893 1073; x_wconf 93' lang='lat' dir='ltr'>B</span> <span class='ocrx_word' id='word_1_127' title='bbox 927 1031 1037 1089; x_wconf 84' lang='lat' dir='ltr'>(adu.</span> <span class='ocrx_word' id='word_1_128' title='bbox 1070 1030 1139 1090; x_wconf 68' lang='grc' dir='ltr'>Ο),</span> 
     </span>
     <span class='ocr_line' id='line_1_16' title="bbox 422 1088 1235 1148; baseline 0.002 -16"><span class='ocrx_word' id='word_1_129' title='bbox 422 1096 688 1143; x_wconf 74' lang='lat' dir='ltr'>percumteris</span> <span class='ocrx_word' id='word_1_130' title='bbox 719 1107 748 1134; x_wconf 91' lang='lat' dir='ltr'>s.</span> <span class='ocrx_word' id='word_1_131' title='bbox 779 1094 802 1132; x_wconf 94' lang='grc' dir='ltr'>Ι</span> <span class='ocrx_word' id='word_1_132' title='bbox 823 1096 859 1144; x_wconf 88' lang='grc'>2,</span> <span class='ocrx_word' id='word_1_133' title='bbox 881 1096 904 1133; x_wconf 86' lang='grc'>7</span> <span class='ocrx_word' id='word_1_134' title='bbox 938 1095 973 1133; x_wconf 90' lang='grc' dir='ltr'>Β</span> <span class='ocrx_word' id='word_1_135' title='bbox 1004 1088 1134 1148; x_wconf 84' lang='lat' dir='ltr'>(defic.</span> <span class='ocrx_word' id='word_1_136' title='bbox 1166 1090 1235 1148; x_wconf 83' lang='lat' dir='ltr'>C);</span> 
     </span>
     <span class='ocr_line' id='line_1_17' title="bbox 427 1148 1249 1208; baseline 0 -15"><span class='ocrx_word' id='word_1_137' title='bbox 427 1166 456 1193; x_wconf 94' lang='lat' dir='ltr'>c.</span> <span class='ocrx_word' id='word_1_138' title='bbox 489 1153 531 1192; x_wconf 88' lang='lat' dir='ltr'><strong>H</strong></span> <span class='ocrx_word' id='word_1_139' title='bbox 552 1155 619 1204; x_wconf 88' lang='grc'>14,</span> <span class='ocrx_word' id='word_1_140' title='bbox 671 1156 693 1193; x_wconf 98' lang='grc'>1</span> <span class='ocrx_word' id='word_1_141' title='bbox 721 1154 927 1203; x_wconf 76' lang='lat' dir='ltr'>posthume</span> <span class='ocrx_word' id='word_1_142' title='bbox 956 1154 991 1192; x_wconf 91' lang='lat' dir='ltr'>B</span> <span class='ocrx_word' id='word_1_143' title='bbox 1024 1148 1151 1208; x_wconf 90' lang='lat' dir='ltr'>(defic.</span> <span class='ocrx_word' id='word_1_144' title='bbox 1180 1149 1249 1208; x_wconf 68' lang='grc' dir='ltr'>Ο),</span> 
     </span>
     <span class='ocr_line' id='line_1_18' title="bbox 427 1207 1169 1268; baseline 0.001 -16"><span class='ocrx_word' id='word_1_145' title='bbox 427 1224 456 1253; x_wconf 90' lang='lat' dir='ltr'>s.</span> <span class='ocrx_word' id='word_1_146' title='bbox 504 1213 524 1251; x_wconf 97' lang='lat' dir='ltr'>I</span> <span class='ocrx_word' id='word_1_147' title='bbox 576 1214 614 1262; x_wconf 89' lang='grc'>2,</span> <span class='ocrx_word' id='word_1_148' title='bbox 636 1214 690 1252; x_wconf 88' lang='grc'>64</span> <span class='ocrx_word' id='word_1_149' title='bbox 722 1213 848 1253; x_wconf 82' lang='lat' dir='ltr'>sullae</span> <span class='ocrx_word' id='word_1_150' title='bbox 877 1213 911 1251; x_wconf 95' lang='lat' dir='ltr'>B</span> <span class='ocrx_word' id='word_1_151' title='bbox 943 1207 1074 1267; x_wconf 87' lang='lat' dir='ltr'>(defic.</span> <span class='ocrx_word' id='word_1_152' title='bbox 1108 1208 1169 1268; x_wconf 83' lang='lat' dir='ltr'>O).</span> 
     </span>
    </p>
   </div>
   <div class='ocr_carea' id='block_1_3' title="bbox 249 1283 1823 1514">
    <p class='ocr_par' dir='ltr' id='par_1_3' title="bbox 249 1283 1823 1442">
     <span class='ocr_line' id='line_1_19' title="bbox 368 1283 1823 1336; baseline 0.001 -14"><span class='ocrx_word' id='word_1_153' title='bbox 368 1283 445 1323; x_wconf 84' lang='lat' dir='ltr'>Sed</span> <span class='ocrx_word' id='word_1_154' title='bbox 486 1284 562 1323; x_wconf 84' lang='lat' dir='ltr'>hae</span> <span class='ocrx_word' id='word_1_155' title='bbox 606 1297 741 1324; x_wconf 88' lang='lat' dir='ltr'>omnes</span> <span class='ocrx_word' id='word_1_156' title='bbox 780 1283 918 1323; x_wconf 84' lang='lat' dir='ltr'>uariae</span> <span class='ocrx_word' id='word_1_157' title='bbox 961 1283 1169 1336; x_wconf 85' lang='lat' dir='ltr'>lectiones,</span> <span class='ocrx_word' id='word_1_158' title='bbox 1211 1284 1283 1324; x_wconf 90' lang='lat' dir='ltr'>ubi</span> <span class='ocrx_word' id='word_1_159' title='bbox 1319 1284 1453 1324; x_wconf 80' lang='lat' dir='ltr'>deficit</span> <span class='ocrx_word' id='word_1_160' title='bbox 1490 1283 1532 1335; x_wconf 82' lang='lat' dir='ltr'>O,</span> <span class='ocrx_word' id='word_1_161' title='bbox 1570 1284 1656 1324; x_wconf 85' lang='lat' dir='ltr'>sine</span> <span class='ocrx_word' id='word_1_162' title='bbox 1701 1284 1823 1325; x_wconf 87' lang='lat' dir='ltr'>dubio</span> 
     </span>
     <span class='ocr_line' id='line_1_20' title="bbox 249 1339 1822 1394; baseline 0.002 -13"><span class='ocrx_word' id='word_1_163' title='bbox 249 1356 297 1382; x_wconf 86' lang='lat' dir='ltr'>ex</span> <span class='ocrx_word' id='word_1_164' title='bbox 316 1343 402 1393; x_wconf 88' lang='lat' dir='ltr'>ipso</span> <span class='ocrx_word' id='word_1_165' title='bbox 427 1339 473 1381; x_wconf 88' lang='lat' dir='ltr'>B&#39;</span> <span class='ocrx_word' id='word_1_166' title='bbox 497 1345 726 1392; x_wconf 84' lang='lat' dir='ltr'>manarunt,</span> <span class='ocrx_word' id='word_1_167' title='bbox 751 1342 829 1382; x_wconf 85' lang='lat' dir='ltr'>nisi</span> <span class='ocrx_word' id='word_1_168' title='bbox 855 1343 963 1394; x_wconf 90' lang='lat' dir='ltr'>quod</span> <span class='ocrx_word' id='word_1_169' title='bbox 986 1344 1162 1383; x_wconf 81' lang='lat' dir='ltr'>similare</span> <span class='ocrx_word' id='word_1_170' title='bbox 1186 1346 1227 1383; x_wconf 90' lang='lat' dir='ltr'>et</span> <span class='ocrx_word' id='word_1_171' title='bbox 1252 1356 1455 1394; x_wconf 75' lang='lat' dir='ltr'>cypressus</span> <span class='ocrx_word' id='word_1_172' title='bbox 1479 1344 1530 1383; x_wconf 82' lang='lat' dir='ltr'>ab</span> <span class='ocrx_word' id='word_1_173' title='bbox 1549 1343 1638 1394; x_wconf 88' lang='lat' dir='ltr'>ipso</span> <span class='ocrx_word' id='word_1_174' title='bbox 1658 1342 1822 1386; x_wconf 80' lang='lat' dir='ltr'>librario</span> 
     </span>
     <span class='ocr_line' id='line_1_21' title="bbox 249 1402 1004 1442; baseline 0.001 -1"><span class='ocrx_word' id='word_1_175' title='bbox 249 1402 395 1442; x_wconf 87' lang='lat' dir='ltr'>codicis</span> <span class='ocrx_word' id='word_1_176' title='bbox 425 1403 459 1441; x_wconf 92' lang='lat' dir='ltr'>B</span> <span class='ocrx_word' id='word_1_177' title='bbox 491 1415 575 1442; x_wconf 87' lang='lat' dir='ltr'>esse</span> <span class='ocrx_word' id='word_1_178' title='bbox 605 1402 797 1442; x_wconf 89' lang='lat' dir='ltr'>uidentur</span> <span class='ocrx_word' id='word_1_179' title='bbox 826 1402 1004 1442; x_wconf 84' lang='lat' dir='ltr'>inuenta.</span> 
     </span>
    </p>

    <p class='ocr_par' dir='ltr' id='par_1_4' title="bbox 367 1461 1823 1514">
     <span class='ocr_line' id='line_1_22' title="bbox 367 1461 1823 1514; baseline 0.002 -14"><span class='ocrx_word' id='word_1_180' title='bbox 367 1462 401 1500; x_wconf 93' lang='lat' dir='ltr'>B</span> <span class='ocrx_word' id='word_1_181' title='bbox 433 1475 480 1501; x_wconf 86' lang='lat' dir='ltr'>ex</span> <span class='ocrx_word' id='word_1_182' title='bbox 509 1463 624 1513; x_wconf 86' lang='lat' dir='ltr'>parte</span> <span class='ocrx_word' id='word_1_183' title='bbox 657 1462 854 1502; x_wconf 83' lang='lat' dir='ltr'>dictatum</span> <span class='ocrx_word' id='word_1_184' title='bbox 886 1473 969 1502; x_wconf 86' lang='lat' dir='ltr'>esse</span> <span class='ocrx_word' id='word_1_185' title='bbox 995 1461 1086 1501; x_wconf 87' lang='lat' dir='ltr'>inde</span> <span class='ocrx_word' id='word_1_186' title='bbox 1112 1461 1297 1513; x_wconf 87' lang='lat' dir='ltr'>efficitur,</span> <span class='ocrx_word' id='word_1_187' title='bbox 1329 1461 1436 1513; x_wconf 89' lang='lat' dir='ltr'>quod</span> <span class='ocrx_word' id='word_1_188' title='bbox 1460 1461 1612 1513; x_wconf 81' lang='lat' dir='ltr'>passim</span> <span class='ocrx_word' id='word_1_189' title='bbox 1641 1462 1668 1512; x_wconf 80' lang='lat' dir='ltr'><em>f</em></span> <span class='ocrx_word' id='word_1_190' title='bbox 1687 1461 1823 1514; x_wconf 81' lang='lat' dir='ltr'>posita</span> 
     </span>
    </p>
   </div>
   <div class='ocr_carea' id='block_1_4' title="bbox 248 1518 1828 2852">
    <p class='ocr_par' dir='ltr' id='par_1_5' title="bbox 248 1518 1828 2852">
     <span class='ocr_line' id='line_1_23' title="bbox 1112 1518 1153 1550; baseline 0 -7"><span class='ocrx_word' id='word_1_191' title='bbox 1112 1518 1153 1550; x_wconf 75' lang='lat' dir='ltr'>ph</span> 
     </span>
     <span class='ocr_line' id='line_1_24' title="bbox 249 1556 1502 1609; baseline 0.001 -14"><span class='ocrx_word' id='word_1_192' title='bbox 249 1556 311 1595; x_wconf 84' lang='lat' dir='ltr'>est</span> <span class='ocrx_word' id='word_1_193' title='bbox 340 1569 412 1607; x_wconf 88' lang='lat' dir='ltr'>pro</span> <span class='ocrx_word' id='word_1_194' title='bbox 436 1557 512 1606; x_wconf 75' lang='lat' dir='ltr'>ph:</span> <span class='ocrx_word' id='word_1_195' title='bbox 542 1556 746 1607; x_wconf 73' lang='lat' dir='ltr'>lymfatam</span> <span class='ocrx_word' id='word_1_196' title='bbox 776 1569 807 1596; x_wconf 91' lang='lat' dir='ltr'>c.</span> <span class='ocrx_word' id='word_1_197' title='bbox 839 1557 860 1596; x_wconf 94' lang='lat' dir='ltr'>I</span> <span class='ocrx_word' id='word_1_198' title='bbox 880 1558 949 1608; x_wconf 84' lang='lat'>37,</span> <span class='ocrx_word' id='word_1_199' title='bbox 973 1558 1039 1606; x_wconf 86' lang='lat'>14,</span> <span class='ocrx_word' id='word_1_200' title='bbox 1069 1557 1214 1607; x_wconf 70' lang='lat' dir='ltr'>chyris</span> <span class='ocrx_word' id='word_1_201' title='bbox 1244 1569 1274 1596; x_wconf 90' lang='lat' dir='ltr'>c.</span> <span class='ocrx_word' id='word_1_202' title='bbox 1300 1557 1384 1596; x_wconf 82' lang='grc' dir='ltr'>ΙΙΠ</span> <span class='ocrx_word' id='word_1_203' title='bbox 1407 1559 1443 1609; x_wconf 88' lang='grc'>7,</span> <span class='ocrx_word' id='word_1_204' title='bbox 1465 1559 1502 1598; x_wconf 85' lang='grc'><strong>9.</strong></span> 
     </span>
     <span class='ocr_line' id='line_1_25' title="bbox 426 1615 1271 1667; baseline 0.001 -12"><span class='ocrx_word' id='word_1_205' title='bbox 426 1615 560 1655; x_wconf 85' lang='lat' dir='ltr'>Adde:</span> <span class='ocrx_word' id='word_1_206' title='bbox 592 1617 685 1655; x_wconf 71' lang='lat' dir='ltr'>bina</span> <span class='ocrx_word' id='word_1_207' title='bbox 714 1629 787 1666; x_wconf 85' lang='lat' dir='ltr'>pro</span> <span class='ocrx_word' id='word_1_208' title='bbox 817 1617 916 1656; x_wconf 74' lang='lat' dir='ltr'>uina</span> <span class='ocrx_word' id='word_1_209' title='bbox 947 1628 978 1656; x_wconf 95' lang='lat' dir='ltr'>c.</span> <span class='ocrx_word' id='word_1_210' title='bbox 1009 1615 1092 1654; x_wconf 82' lang='lat' dir='ltr'>ml</span> <span class='ocrx_word' id='word_1_211' title='bbox 1114 1617 1271 1667; x_wconf 88' lang='grc'>12,16.</span> 
     </span>
     <span class='ocr_line' id='line_1_26' title="bbox 593 1675 1352 1727; baseline 0.003 -13"><span class='ocrx_word' id='word_1_212' title='bbox 593 1676 761 1715; x_wconf 75' lang='lat' dir='ltr'>traualis</span> <span class='ocrx_word' id='word_1_213' title='bbox 791 1688 863 1726; x_wconf 90' lang='lat' dir='ltr'>pro</span> <span class='ocrx_word' id='word_1_214' title='bbox 895 1675 1061 1715; x_wconf 76' lang='lat' dir='ltr'>trabalis</span> <span class='ocrx_word' id='word_1_215' title='bbox 1092 1688 1123 1716; x_wconf 88' lang='lat' dir='ltr'>c.</span> <span class='ocrx_word' id='word_1_216' title='bbox 1154 1675 1176 1714; x_wconf 95' lang='lat' dir='ltr'>I</span> <span class='ocrx_word' id='word_1_217' title='bbox 1196 1677 1352 1727; x_wconf 89' lang='grc'>35,18.</span> 
     </span>
     <span class='ocr_line' id='line_1_27' title="bbox 584 1735 1363 1786; baseline 0.001 -13"><span class='ocrx_word' id='word_1_218' title='bbox 584 1735 753 1783; x_wconf 78' lang='lat' dir='ltr'>ploralis</span> <span class='ocrx_word' id='word_1_219' title='bbox 782 1747 855 1785; x_wconf 91' lang='lat' dir='ltr'>pro</span> <span class='ocrx_word' id='word_1_220' title='bbox 879 1735 1058 1784; x_wconf 81' lang='lat' dir='ltr'>ploraris</span> <span class='ocrx_word' id='word_1_221' title='bbox 1088 1747 1120 1774; x_wconf 91' lang='lat' dir='ltr'>c.</span> <span class='ocrx_word' id='word_1_222' title='bbox 1151 1735 1214 1774; x_wconf 92' lang='lat' dir='ltr'>III</span> <span class='ocrx_word' id='word_1_223' title='bbox 1239 1737 1304 1786; x_wconf 91' lang='lat'>10,</span> <span class='ocrx_word' id='word_1_224' title='bbox 1324 1738 1363 1774; x_wconf 91' lang='grc'><strong>4.</strong></span> 
     </span>
     <span class='ocr_line' id='line_1_28' title="bbox 367 1790 1825 1851; baseline 0.003 -19"><span class='ocrx_word' id='word_1_225' title='bbox 367 1793 518 1833; x_wconf 90' lang='lat' dir='ltr'>Verum</span> <span class='ocrx_word' id='word_1_226' title='bbox 543 1793 665 1833; x_wconf 79' lang='lat' dir='ltr'>etiam</span> <span class='ocrx_word' id='word_1_227' title='bbox 689 1794 912 1846; x_wconf 86' lang='lat' dir='ltr'>legentium</span> <span class='ocrx_word' id='word_1_228' title='bbox 937 1794 1081 1833; x_wconf 86' lang='lat' dir='ltr'>menda</span> <span class='ocrx_word' id='word_1_229' title='bbox 1106 1794 1378 1845; x_wconf 83' lang='lat' dir='ltr'>reperiuntur:</span> <span class='ocrx_word' id='word_1_230' title='bbox 1403 1796 1439 1835; x_wconf 76' lang='lat' dir='ltr'>si</span> <span class='ocrx_word' id='word_1_231' title='bbox 1462 1808 1535 1846; x_wconf 90' lang='lat' dir='ltr'>pro</span> <span class='ocrx_word' id='word_1_232' title='bbox 1563 1808 1593 1835; x_wconf 76' lang='lat' dir='ltr'><em>n</em></span> <span class='ocrx_word' id='word_1_233' title='bbox 1613 1790 1683 1850; x_wconf 68' lang='grc' dir='ltr'>(Ω</span> <span class='ocrx_word' id='word_1_234' title='bbox 1706 1812 1763 1829; x_wconf 87' lang='lat'><em>=·-·</em></span> <span class='ocrx_word' id='word_1_235' title='bbox 1777 1791 1825 1851; x_wconf 78' lang='lat' dir='ltr'>n)</span> 
     </span>
     <span class='ocr_line' id='line_1_29' title="bbox 254 1852 485 1904; baseline 0.004 -12"><span class='ocrx_word' id='word_1_236' title='bbox 254 1866 286 1892; x_wconf 86' lang='lat' dir='ltr'>c.</span> <span class='ocrx_word' id='word_1_237' title='bbox 318 1852 339 1891; x_wconf 94' lang='lat' dir='ltr'>I</span> <span class='ocrx_word' id='word_1_238' title='bbox 361 1854 427 1904; x_wconf 88' lang='lat'>16,</span> <span class='ocrx_word' id='word_1_239' title='bbox 448 1855 485 1893; x_wconf 85' lang='lat'>5.</span> 
     </span>
     <span class='ocr_line' id='line_1_30' title="bbox 428 1907 1823 1968; baseline 0.004 -17"><span class='ocrx_word' id='word_1_240' title='bbox 428 1913 453 1961; x_wconf 83' lang='lat' dir='ltr'><em>f</em></span> <span class='ocrx_word' id='word_1_241' title='bbox 476 1926 548 1963; x_wconf 87' lang='lat' dir='ltr'>pro</span> <span class='ocrx_word' id='word_1_242' title='bbox 580 1924 599 1952; x_wconf 88' lang='lat' dir='ltr'>e</span> <span class='ocrx_word' id='word_1_243' title='bbox 630 1908 692 1965; x_wconf 81' lang='lat' dir='ltr'>(F</span> <span class='ocrx_word' id='word_1_244' title='bbox 717 1925 790 1963; x_wconf 88' lang='lat' dir='ltr'>pro</span> <span class='ocrx_word' id='word_1_245' title='bbox 821 1907 882 1966; x_wconf 83' lang='lat' dir='ltr'>E)</span> <span class='ocrx_word' id='word_1_246' title='bbox 919 1913 1038 1960; x_wconf 75' lang='lat' dir='ltr'>faciet</span> <span class='ocrx_word' id='word_1_247' title='bbox 1071 1926 1144 1963; x_wconf 90' lang='lat' dir='ltr'>pro</span> <span class='ocrx_word' id='word_1_248' title='bbox 1181 1915 1263 1953; x_wconf 74' lang='lat' dir='ltr'>caci</span> <span class='ocrx_word' id='word_1_249' title='bbox 1295 1908 1370 1966; x_wconf 91' lang='lat'>(=</span> <span class='ocrx_word' id='word_1_250' title='bbox 1391 1909 1519 1968; x_wconf 77' lang='lat' dir='ltr'>acaci)</span> <span class='ocrx_word' id='word_1_251' title='bbox 1550 1927 1582 1954; x_wconf 91' lang='lat' dir='ltr'>c.</span> <span class='ocrx_word' id='word_1_252' title='bbox 1613 1915 1675 1954; x_wconf 86' lang='grc' dir='ltr'>ΠΙ</span> <span class='ocrx_word' id='word_1_253' title='bbox 1697 1917 1764 1962; x_wconf 83' lang='grc'>19,</span> <span class='ocrx_word' id='word_1_254' title='bbox 1785 1918 1823 1956; x_wconf 90' lang='lat'>3.</span> 
     </span>
     <span class='ocr_line' id='line_1_31' title="bbox 430 1966 1824 2029; baseline 0.003 -19"><span class='ocrx_word' id='word_1_255' title='bbox 430 1983 450 2010; x_wconf 86' lang='lat' dir='ltr'>c</span> <span class='ocrx_word' id='word_1_256' title='bbox 479 1985 551 2022; x_wconf 88' lang='lat' dir='ltr'>pro</span> <span class='ocrx_word' id='word_1_257' title='bbox 578 1983 597 2010; x_wconf 89' lang='lat' dir='ltr'>e</span> <span class='ocrx_word' id='word_1_258' title='bbox 628 1966 683 2025; x_wconf 86' lang='grc' dir='ltr'>(Ο</span> <span class='ocrx_word' id='word_1_259' title='bbox 712 1984 783 2021; x_wconf 90' lang='lat' dir='ltr'>pro</span> <span class='ocrx_word' id='word_1_260' title='bbox 815 1966 865 2025; x_wconf 90' lang='grc' dir='ltr'>Ε)</span> <span class='ocrx_word' id='word_1_261' title='bbox 895 1972 1009 2011; x_wconf 75' lang='lat' dir='ltr'>uictis</span> <span class='ocrx_word' id='word_1_262' title='bbox 1034 1985 1106 2022; x_wconf 89' lang='lat' dir='ltr'>pro</span> <span class='ocrx_word' id='word_1_263' title='bbox 1125 1974 1240 2012; x_wconf 74' lang='lat' dir='ltr'>uictis</span> <span class='ocrx_word' id='word_1_264' title='bbox 1259 1973 1372 2023; x_wconf 87' lang='lat' dir='ltr'>epod.</span> <span class='ocrx_word' id='word_1_265' title='bbox 1397 1974 1462 2024; x_wconf 84' lang='lat'>12,</span> <span class='ocrx_word' id='word_1_266' title='bbox 1478 1976 1502 2012; x_wconf 89' lang='grc'>7</span> <span class='ocrx_word' id='word_1_267' title='bbox 1526 1969 1636 2027; x_wconf 88' lang='lat' dir='ltr'>(opp.</span> <span class='ocrx_word' id='word_1_268' title='bbox 1657 1975 1741 2016; x_wconf 86' lang='lat' dir='ltr'>cod.</span> <span class='ocrx_word' id='word_1_269' title='bbox 1762 1970 1824 2029; x_wconf 85' lang='lat' dir='ltr'>O).</span> 
     </span>
     <span class='ocr_line' id='line_1_32' title="bbox 430 2025 1589 2087; baseline 0.003 -18"><span class='ocrx_word' id='word_1_270' title='bbox 430 2032 526 2069; x_wconf 75' lang='lat' dir='ltr'>telas</span> <span class='ocrx_word' id='word_1_271' title='bbox 556 2044 628 2081; x_wconf 89' lang='lat' dir='ltr'>pro</span> <span class='ocrx_word' id='word_1_272' title='bbox 660 2032 762 2070; x_wconf 84' lang='lat' dir='ltr'>celas</span> <span class='ocrx_word' id='word_1_273' title='bbox 793 2026 842 2084; x_wconf 86' lang='grc' dir='ltr'>(τ</span> <span class='ocrx_word' id='word_1_274' title='bbox 871 2043 944 2081; x_wconf 87' lang='lat' dir='ltr'>pro</span> <span class='ocrx_word' id='word_1_275' title='bbox 977 2025 1027 2083; x_wconf 81' lang='lat' dir='ltr'>O)</span> <span class='ocrx_word' id='word_1_276' title='bbox 1059 2044 1089 2070; x_wconf 92' lang='lat' dir='ltr'>c.</span> <span class='ocrx_word' id='word_1_277' title='bbox 1116 2043 1144 2070; x_wconf 91' lang='lat' dir='ltr'>s.</span> <span class='ocrx_word' id='word_1_278' title='bbox 1181 2034 1235 2071; x_wconf 89' lang='lat'>10</span> <span class='ocrx_word' id='word_1_279' title='bbox 1268 2027 1377 2084; x_wconf 90' lang='lat' dir='ltr'>(opp.</span> <span class='ocrx_word' id='word_1_280' title='bbox 1409 2033 1492 2071; x_wconf 89' lang='lat' dir='ltr'>cod.</span> <span class='ocrx_word' id='word_1_281' title='bbox 1526 2028 1589 2087; x_wconf 83' lang='lat' dir='ltr'>O).</span> 
     </span>
     <span class='ocr_line' id='line_1_33' title="bbox 432 2084 1400 2143; baseline 0.002 -15"><span class='ocrx_word' id='word_1_282' title='bbox 432 2100 452 2128; x_wconf 84' lang='lat' dir='ltr'>s</span> <span class='ocrx_word' id='word_1_283' title='bbox 482 2102 555 2139; x_wconf 90' lang='lat' dir='ltr'>pro</span> <span class='ocrx_word' id='word_1_284' title='bbox 586 2090 611 2138; x_wconf 80' lang='lat' dir='ltr'><em>f</em></span> <span class='ocrx_word' id='word_1_285' title='bbox 635 2084 678 2142; x_wconf 84' lang='lat' dir='ltr'>(f</span> <span class='ocrx_word' id='word_1_286' title='bbox 701 2102 772 2140; x_wconf 91' lang='lat' dir='ltr'>pro</span> <span class='ocrx_word' id='word_1_287' title='bbox 803 2086 847 2143; x_wconf 85' lang='lat' dir='ltr'>f)</span> <span class='ocrx_word' id='word_1_288' title='bbox 881 2102 910 2128; x_wconf 92' lang='lat' dir='ltr'>s.</span> <span class='ocrx_word' id='word_1_289' title='bbox 941 2089 963 2128; x_wconf 92' lang='lat' dir='ltr'>I</span> <span class='ocrx_word' id='word_1_290' title='bbox 984 2092 1020 2141; x_wconf 93' lang='lat'>1,</span> <span class='ocrx_word' id='word_1_291' title='bbox 1043 2092 1066 2128; x_wconf 91' lang='grc'>2</span> <span class='ocrx_word' id='word_1_292' title='bbox 1099 2102 1184 2130; x_wconf 88' lang='lat' dir='ltr'>sors</span> <span class='ocrx_word' id='word_1_293' title='bbox 1215 2104 1285 2140; x_wconf 87' lang='lat' dir='ltr'>pro</span> <span class='ocrx_word' id='word_1_294' title='bbox 1316 2092 1400 2138; x_wconf 80' lang='lat' dir='ltr'>fors</span> 
     </span>
     <span class='ocr_line' id='line_1_34' title="bbox 433 2145 1730 2204; baseline 0.003 -18"><span class='ocrx_word' id='word_1_295' title='bbox 433 2150 474 2187; x_wconf 88' lang='lat' dir='ltr'>et</span> <span class='ocrx_word' id='word_1_296' title='bbox 505 2161 533 2187; x_wconf 90' lang='lat' dir='ltr'>s.</span> <span class='ocrx_word' id='word_1_297' title='bbox 564 2148 585 2186; x_wconf 92' lang='lat' dir='ltr'>I</span> <span class='ocrx_word' id='word_1_298' title='bbox 607 2151 643 2200; x_wconf 93' lang='lat'>1,</span> <span class='ocrx_word' id='word_1_299' title='bbox 666 2150 718 2188; x_wconf 88' lang='lat'>51</span> <span class='ocrx_word' id='word_1_300' title='bbox 752 2161 828 2188; x_wconf 86' lang='lat' dir='ltr'>sua</span> <span class='ocrx_word' id='word_1_301' title='bbox 857 2151 990 2188; x_wconf 74' lang='lat' dir='ltr'>uertex</span> <span class='ocrx_word' id='word_1_302' title='bbox 1019 2163 1091 2199; x_wconf 86' lang='lat' dir='ltr'>pro</span> <span class='ocrx_word' id='word_1_303' title='bbox 1123 2152 1284 2189; x_wconf 75' lang='lat' dir='ltr'>suauest</span> <span class='ocrx_word' id='word_1_304' title='bbox 1314 2161 1359 2189; x_wconf 74' lang='lat' dir='ltr'>ex</span> <span class='ocrx_word' id='word_1_305' title='bbox 1389 2145 1522 2204; x_wconf 71' lang='lat' dir='ltr'>(defic.</span> <span class='ocrx_word' id='word_1_306' title='bbox 1550 2151 1635 2191; x_wconf 87' lang='lat' dir='ltr'>cod.</span> <span class='ocrx_word' id='word_1_307' title='bbox 1668 2146 1730 2204; x_wconf 83' lang='lat' dir='ltr'>C).</span> 
     </span>
     <span class='ocr_line' id='line_1_35' title="bbox 378 2205 1827 2264; baseline 0.003 -18"><span class='ocrx_word' id='word_1_308' title='bbox 378 2208 607 2246; x_wconf 87' lang='lat' dir='ltr'>Admodum</span> <span class='ocrx_word' id='word_1_309' title='bbox 646 2207 915 2247; x_wconf 83' lang='lat' dir='ltr'>memorabilis</span> <span class='ocrx_word' id='word_1_310' title='bbox 959 2210 1019 2247; x_wconf 87' lang='lat' dir='ltr'>est</span> <span class='ocrx_word' id='word_1_311' title='bbox 1059 2208 1206 2248; x_wconf 81' lang='lat' dir='ltr'>iterata</span> <span class='ocrx_word' id='word_1_312' title='bbox 1248 2209 1476 2248; x_wconf 84' lang='lat' dir='ltr'>litterarum</span> <span class='ocrx_word' id='word_1_313' title='bbox 1506 2222 1535 2248; x_wconf 91' lang='lat' dir='ltr'>u</span> <span class='ocrx_word' id='word_1_314' title='bbox 1560 2205 1636 2263; x_wconf 82' lang='lat'>(=</span> <span class='ocrx_word' id='word_1_315' title='bbox 1657 2206 1700 2264; x_wconf 81' lang='lat' dir='ltr'>v)</span> <span class='ocrx_word' id='word_1_316' title='bbox 1731 2212 1773 2250; x_wconf 81' lang='lat' dir='ltr'>et</span> <span class='ocrx_word' id='word_1_317' title='bbox 1794 2223 1827 2260; x_wconf 89' lang='lat' dir='ltr'>p</span> 
     </span>
     <span class='ocr_line' id='line_1_36' title="bbox 258 2267 1827 2322; baseline 0.003 -17"><span class='ocrx_word' id='word_1_318' title='bbox 258 2267 364 2305; x_wconf 86' lang='lat' dir='ltr'>inter</span> <span class='ocrx_word' id='word_1_319' title='bbox 395 2280 435 2306; x_wconf 90' lang='lat' dir='ltr'>se</span> <span class='ocrx_word' id='word_1_320' title='bbox 466 2267 734 2319; x_wconf 40' lang='lat' dir='ltr'>commutatio·</span> <span class='ocrx_word' id='word_1_321' title='bbox 761 2280 882 2317; x_wconf 84' lang='lat' dir='ltr'>quam</span> <span class='ocrx_word' id='word_1_322' title='bbox 914 2267 1103 2306; x_wconf 83' lang='lat' dir='ltr'>Alfredus</span> <span class='ocrx_word' id='word_1_323' title='bbox 1136 2268 1286 2311; x_wconf 88' lang='lat' dir='ltr'>Holder</span> <span class='ocrx_word' id='word_1_324' title='bbox 1315 2269 1406 2307; x_wconf 86' lang='lat' dir='ltr'>inde</span> <span class='ocrx_word' id='word_1_325' title='bbox 1439 2269 1682 2322; x_wconf 82' lang='lat' dir='ltr'>explicabat,</span> <span class='ocrx_word' id='word_1_326' title='bbox 1719 2270 1827 2321; x_wconf 89' lang='lat' dir='ltr'>quod</span> 
     </span>
     <span class='ocr_line' id='line_1_37' title="bbox 255 2321 1574 2378; baseline 0.002 -14"><span class='ocrx_word' id='word_1_327' title='bbox 255 2326 579 2378; x_wconf 82' lang='lat' dir='ltr'>Anglosaxonica</span> <span class='ocrx_word' id='word_1_328' title='bbox 609 2339 712 2365; x_wconf 83' lang='lat' dir='ltr'>runa.</span> <span class='ocrx_word' id='word_1_329' title='bbox 757 2321 794 2376; x_wconf 73' lang='lat' dir='ltr'><em>V</em></span> <span class='ocrx_word' id='word_1_330' title='bbox 821 2343 877 2358; x_wconf 86' lang='lat'>=</span> <span class='ocrx_word' id='word_1_331' title='bbox 898 2324 990 2377; x_wconf 60' lang='lat' dir='ltr'>wyn</span> <span class='ocrx_word' id='word_1_332' title='bbox 1022 2339 1112 2365; x_wconf 90' lang='lat' dir='ltr'>cum</span> <span class='ocrx_word' id='word_1_333' title='bbox 1136 2339 1168 2376; x_wconf 90' lang='lat' dir='ltr'>p</span> <span class='ocrx_word' id='word_1_334' title='bbox 1201 2329 1304 2366; x_wconf 85' lang='lat' dir='ltr'>esset</span> <span class='ocrx_word' id='word_1_335' title='bbox 1334 2329 1574 2378; x_wconf 85' lang='lat' dir='ltr'>permutata.</span> 
     </span>
     <span class='ocr_line' id='line_1_38' title="bbox 430 2382 1228 2438; baseline -0.001 -13"><span class='ocrx_word' id='word_1_336' title='bbox 430 2399 461 2425; x_wconf 93' lang='lat' dir='ltr'>c.</span> <span class='ocrx_word' id='word_1_337' title='bbox 492 2385 575 2423; x_wconf 83' lang='grc' dir='ltr'>ΙΠΙ</span> <span class='ocrx_word' id='word_1_338' title='bbox 625 2388 662 2437; x_wconf 86' lang='grc'>2,</span> <span class='ocrx_word' id='word_1_339' title='bbox 685 2387 737 2424; x_wconf 87' lang='grc'>27</span> <span class='ocrx_word' id='word_1_340' title='bbox 772 2388 861 2425; x_wconf 80' lang='lat' dir='ltr'>auis</span> <span class='ocrx_word' id='word_1_341' title='bbox 891 2399 963 2436; x_wconf 87' lang='lat' dir='ltr'>pro</span> <span class='ocrx_word' id='word_1_342' title='bbox 996 2387 1084 2434; x_wconf 79' lang='lat' dir='ltr'>apis</span> <span class='ocrx_word' id='word_1_343' title='bbox 1114 2382 1228 2438; x_wconf 87' lang='lat' dir='ltr'>A&#39;B&#39;,</span> 
     </span>
     <span class='ocr_line' id='line_1_39' title="bbox 432 2441 1180 2497; baseline -0.001 -13"><span class='ocrx_word' id='word_1_344' title='bbox 432 2458 464 2484; x_wconf 91' lang='lat' dir='ltr'>c.</span> <span class='ocrx_word' id='word_1_345' title='bbox 512 2444 574 2482; x_wconf 90' lang='grc' dir='ltr'>ΠΙ</span> <span class='ocrx_word' id='word_1_346' title='bbox 595 2447 661 2496; x_wconf 88' lang='grc'>27,</span> <span class='ocrx_word' id='word_1_347' title='bbox 684 2445 737 2483; x_wconf 90' lang='grc'>15</span> <span class='ocrx_word' id='word_1_348' title='bbox 763 2448 867 2493; x_wconf 76' lang='lat' dir='ltr'>petet</span> <span class='ocrx_word' id='word_1_349' title='bbox 895 2457 968 2495; x_wconf 89' lang='lat' dir='ltr'>pro</span> <span class='ocrx_word' id='word_1_350' title='bbox 999 2448 1099 2484; x_wconf 75' lang='lat' dir='ltr'>uctct</span> <span class='ocrx_word' id='word_1_351' title='bbox 1122 2441 1180 2497; x_wconf 88' lang='lat' dir='ltr'>B&#39;‚</span> 
     </span>
     <span class='ocr_line' id='line_1_40' title="bbox 433 2500 1157 2554; baseline 0.001 -11"><span class='ocrx_word' id='word_1_352' title='bbox 433 2517 467 2544; x_wconf 82' lang='lat' dir='ltr'>a.</span> <span class='ocrx_word' id='word_1_353' title='bbox 499 2518 537 2554; x_wconf 91' lang='lat' dir='ltr'>p.</span> <span class='ocrx_word' id='word_1_354' title='bbox 563 2505 656 2550; x_wconf 62' lang='grc'>,378</span> <span class='ocrx_word' id='word_1_355' title='bbox 682 2505 813 2553; x_wconf 79' lang='lat' dir='ltr'>peryit</span> <span class='ocrx_word' id='word_1_356' title='bbox 841 2517 913 2554; x_wconf 88' lang='lat' dir='ltr'>pro</span> <span class='ocrx_word' id='word_1_357' title='bbox 945 2506 1071 2553; x_wconf 63' lang='lat' dir='ltr'>uergit</span> <span class='ocrx_word' id='word_1_358' title='bbox 1100 2500 1157 2544; x_wconf 89' lang='lat' dir='ltr'>B&#39;.</span> 
     </span>
     <span class='ocr_line' id='line_1_41' title="bbox 248 2563 1827 2614; baseline 0.002 -12"><span class='ocrx_word' id='word_1_359' title='bbox 248 2563 397 2611; x_wconf 82' lang='lat' dir='ltr'>Censet</span> <span class='ocrx_word' id='word_1_360' title='bbox 439 2564 514 2602; x_wconf 88' lang='lat' dir='ltr'>hoc</span> <span class='ocrx_word' id='word_1_361' title='bbox 557 2563 609 2602; x_wconf 85' lang='lat' dir='ltr'>ad</span> <span class='ocrx_word' id='word_1_362' title='bbox 656 2563 1104 2614; x_wconf 84' lang='lat' dir='ltr'>Anglosaxonicum</span> <span class='ocrx_word' id='word_1_363' title='bbox 1155 2564 1354 2614; x_wconf 81' lang='lat' dir='ltr'>quendam</span> <span class='ocrx_word' id='word_1_364' title='bbox 1400 2565 1553 2604; x_wconf 85' lang='lat' dir='ltr'>sontem</span> <span class='ocrx_word' id='word_1_365' title='bbox 1596 2566 1743 2606; x_wconf 88' lang='lat' dir='ltr'>codicis</span> <span class='ocrx_word' id='word_1_366' title='bbox 1779 2563 1827 2605; x_wconf 92' lang='lat' dir='ltr'>B&#39;</span> 
     </span>
     <span class='ocr_line' id='line_1_42' title="bbox 255 2618 1826 2679; baseline 0.003 -19"><span class='ocrx_word' id='word_1_367' title='bbox 255 2623 508 2662; x_wconf 83' lang='lat' dir='ltr'>referendum</span> <span class='ocrx_word' id='word_1_368' title='bbox 534 2635 705 2673; x_wconf 89' lang='lat' dir='ltr'>eumque</span> <span class='ocrx_word' id='word_1_369' title='bbox 731 2623 905 2662; x_wconf 86' lang='lat' dir='ltr'>codicem</span> <span class='ocrx_word' id='word_1_370' title='bbox 929 2618 987 2660; x_wconf 83' lang='lat' dir='ltr'>B‘&#39;</span> <span class='ocrx_word' id='word_1_371' title='bbox 1011 2622 1320 2663; x_wconf 78' lang='lat' dir='ltr'>Cantuariorum</span> <span class='ocrx_word' id='word_1_372' title='bbox 1339 2619 1629 2679; x_wconf 78' lang='lat' dir='ltr'>(Canterbury)</span> <span class='ocrx_word' id='word_1_373' title='bbox 1656 2626 1826 2666; x_wconf 72' lang='lat' dir='ltr'>fortasse</span> 
     </span>
     <span class='ocr_line' id='line_1_43' title="bbox 255 2681 1028 2733; baseline 0.001 -13"><span class='ocrx_word' id='word_1_374' title='bbox 255 2682 390 2727; x_wconf 87' lang='lat' dir='ltr'>fuisse,</span> <span class='ocrx_word' id='word_1_375' title='bbox 421 2681 502 2721; x_wconf 91' lang='lat' dir='ltr'>uid.</span> <span class='ocrx_word' id='word_1_376' title='bbox 534 2682 691 2733; x_wconf 86' lang='lat' dir='ltr'>Epileg.</span> <span class='ocrx_word' id='word_1_377' title='bbox 724 2682 775 2720; x_wconf 85' lang='lat' dir='ltr'>ad</span> <span class='ocrx_word' id='word_1_378' title='bbox 806 2694 838 2720; x_wconf 83' lang='lat' dir='ltr'>a.</span> <span class='ocrx_word' id='word_1_379' title='bbox 866 2695 903 2731; x_wconf 91' lang='lat' dir='ltr'>p.</span> <span class='ocrx_word' id='word_1_380' title='bbox 932 2683 1028 2721; x_wconf 84' lang='lat'>378.</span> 
     </span>
     <span class='ocr_line' id='line_1_44' title="bbox 373 2736 1826 2793; baseline 0.003 -14"><span class='ocrx_word' id='word_1_381' title='bbox 373 2736 419 2779; x_wconf 87' lang='lat' dir='ltr'>B&#39;</span> <span class='ocrx_word' id='word_1_382' title='bbox 451 2740 612 2791; x_wconf 88' lang='lat' dir='ltr'>quidem</span> <span class='ocrx_word' id='word_1_383' title='bbox 644 2743 684 2780; x_wconf 89' lang='lat' dir='ltr'>et</span> <span class='ocrx_word' id='word_1_384' title='bbox 714 2741 747 2779; x_wconf 93' lang='lat' dir='ltr'>B</span> <span class='ocrx_word' id='word_1_385' title='bbox 779 2754 859 2780; x_wconf 91' lang='lat' dir='ltr'>non</span> <span class='ocrx_word' id='word_1_386' title='bbox 890 2740 1237 2793; x_wconf 82' lang='lat' dir='ltr'>Anglosaxonicis,</span> <span class='ocrx_word' id='word_1_387' title='bbox 1273 2743 1340 2781; x_wconf 89' lang='lat' dir='ltr'>sed</span> <span class='ocrx_word' id='word_1_388' title='bbox 1373 2742 1558 2782; x_wconf 83' lang='lat' dir='ltr'>Scotticis</span> <span class='ocrx_word' id='word_1_389' title='bbox 1589 2743 1826 2784; x_wconf 81' lang='lat' dir='ltr'>characteri-</span> 
     </span>
     <span class='ocr_line' id='line_1_45' title="bbox 253 2799 1828 2852; baseline 0.003 -14"><span class='ocrx_word' id='word_1_390' title='bbox 253 2800 329 2839; x_wconf 85' lang='lat' dir='ltr'>bus</span> <span class='ocrx_word' id='word_1_391' title='bbox 382 2799 535 2839; x_wconf 83' lang='lat' dir='ltr'>exarati</span> <span class='ocrx_word' id='word_1_392' title='bbox 579 2802 690 2852; x_wconf 85' lang='lat' dir='ltr'>sunt,</span> <span class='ocrx_word' id='word_1_393' title='bbox 739 2800 786 2839; x_wconf 88' lang='lat' dir='ltr'>de</span> <span class='ocrx_word' id='word_1_394' title='bbox 837 2813 1007 2851; x_wconf 90' lang='lat' dir='ltr'>quorum</span> <span class='ocrx_word' id='word_1_395' title='bbox 1050 2801 1363 2851; x_wconf 87' lang='lat' dir='ltr'>proprietatibus</span> <span class='ocrx_word' id='word_1_396' title='bbox 1406 2802 1473 2841; x_wconf 85' lang='lat' dir='ltr'>adi</span> <span class='ocrx_word' id='word_1_397' title='bbox 1516 2803 1569 2842; x_wconf 87' lang='lat' dir='ltr'>sis</span> <span class='ocrx_word' id='word_1_398' title='bbox 1612 2803 1828 2844; x_wconf 71' lang='lat' dir='ltr'>editionem</span> 
     </span>
    </p>
   </div>
   <div class='ocr_carea' id='block_1_5' title="bbox 256 2859 1828 2914">
    <p class='ocr_par' dir='ltr' id='par_1_6' title="bbox 256 2859 1828 2914">
     <span class='ocr_line' id='line_1_46' title="bbox 256 2859 1828 2914; baseline 0.003 -16"><span class='ocrx_word' id='word_1_399' title='bbox 256 2859 572 2911; x_wconf 80' lang='lat' dir='ltr'>phototypicam.</span> <span class='ocrx_word' id='word_1_400' title='bbox 633 2859 834 2899; x_wconf 83' lang='lat' dir='ltr'>Notabilis</span> <span class='ocrx_word' id='word_1_401' title='bbox 865 2859 971 2898; x_wconf 88' lang='lat' dir='ltr'>inter</span> <span class='ocrx_word' id='word_1_402' title='bbox 999 2860 1079 2898; x_wconf 81' lang='lat' dir='ltr'>alia</span> <span class='ocrx_word' id='word_1_403' title='bbox 1105 2862 1165 2899; x_wconf 84' lang='lat' dir='ltr'>est</span> <span class='ocrx_word' id='word_1_404' title='bbox 1190 2860 1463 2901; x_wconf 84' lang='lat' dir='ltr'>circumflexus</span> <span class='ocrx_word' id='word_1_405' title='bbox 1489 2862 1530 2901; x_wconf 89' lang='lat' dir='ltr'>in</span> <span class='ocrx_word' id='word_1_406' title='bbox 1555 2863 1828 2914; x_wconf 87' lang='lat' dir='ltr'>compluribus</span> 
     </span>
    </p>
   </div>
   <div class='ocr_carea' id='block_1_6' title="bbox 253 2920 1824 2990">
    <p class='ocr_par' dir='ltr' id='par_1_7' title="bbox 253 2920 1824 2990">
     <span class='ocr_line' id='line_1_47' title="bbox 253 2920 1824 2990; baseline 0.003 -13"><span class='ocrx_word' id='word_1_407' title='bbox 253 2937 462 2978; x_wconf 83' lang='lat' dir='ltr'>uocalibus</span> <span class='ocrx_word' id='word_1_408' title='bbox 492 2936 623 2990; x_wconf 85' lang='lat' dir='ltr'>longis</span> <span class='ocrx_word' id='word_1_409' title='bbox 653 2936 827 2989; x_wconf 85' lang='lat' dir='ltr'>positus:</span> <span class='ocrx_word' id='word_1_410' title='bbox 866 2920 943 2990; x_wconf 60' lang='lat' dir='ltr'>llic,</span> <span class='ocrx_word' id='word_1_411' title='bbox 974 2920 1074 2989; x_wconf 53' lang='lat' dir='ltr'>mes,</span> <span class='ocrx_word' id='word_1_412' title='bbox 1112 2921 1153 2989; x_wconf 66' lang='grc' dir='ltr'>ὅ,</span> <span class='ocrx_word' id='word_1_413' title='bbox 1195 2938 1377 2980; x_wconf 85' lang='lat' dir='ltr'>codicum</span> <span class='ocrx_word' id='word_1_414' title='bbox 1407 2936 1455 2980; x_wconf 89' lang='lat' dir='ltr'>B&#39;</span> <span class='ocrx_word' id='word_1_415' title='bbox 1486 2941 1527 2980; x_wconf 89' lang='lat' dir='ltr'>et</span> <span class='ocrx_word' id='word_1_416' title='bbox 1566 2940 1599 2981; x_wconf 91' lang='lat' dir='ltr'>B</span> <span class='ocrx_word' id='word_1_417' title='bbox 1640 2940 1824 2981; x_wconf 83' lang='lat' dir='ltr'>librarios</span> 
     </span>
    </p>
   </div>
  </div>
 </body>
</html>
