2008 3230
817 169 1106 206 PRAEFATIO.
1653 168 1757 203 XXV

390 287 517 325 dulcis
547 298 620 336 pro
651 285 755 334 iuyis
786 283 902 334 epist.
932 283 954 321 I
975 284 1042 333 15,
1066 283 1119 321 16

294 348 352 386 et:
389 347 434 384 in
465 346 621 394 scriptis
650 357 722 395 pro
754 345 891 383 inscite
921 342 1035 394 epist.
1068 342 1110 381 H
1132 344 1169 392 l,
1192 344 1288 382 167.

175 406 344 446 Pessimi
376 407 472 446 sunt
501 406 616 444 lusus
647 403 882 444 correctoris
907 403 984 442 E2:
1015 402 1131 453 epist.
1157 402 1178 441 Ι
1206 404 1274 451 10,
1298 403 1348 441 13
1377 401 1510 441 dommi
1534 414 1607 451 pro
1633 401 1757 446 domo,

174 465 387 520 γλώσσημα
418 479 464 504 ex
496 466 615 517 gloss.
644 466 684 503 Γ
708 463 895 515 petitum,

390 525 504 576 epist.
536 525 556 563 I
578 526 645 575 19,
668 525 721 563 15
753 524 965 563 Marbitam
995 523 1054 563 E2
1085 534 1159 574 pro
1190 523 1377 562 iarbitam
1408 515 1519 575 (El).

914 620 946 658 P
976 619 1015 660 h.

294 694 432 734 Etiam
458 691 640 746 λήμματα
664 633 1026 743 Porphyiionialiia,
1050 690 1289 742 praesertim
1313 690 1558 741 optimorum
1578 689 1760 729 codicum

176 749 423 809 U(rsiniani)
455 755 495 793 et
526 754 578 806 M,
615 765 806 805 magnam
843 754 1002 803 partem
1039 750 1204 791 secundi
1240 750 1391 790 ordinis
1423 751 1533 801 sunt,
1572 750 1621 788 cf.
1653 749 1760 788 infra

178 829 216 866 p.
247 814 413 853 LXXIX
442 813 514 852 ubi
545 813 593 853 de
624 812 769 863 Porph.
797 811 1041 852 auctoritate
1073 810 1360 862 disputabitur.

835 907 1096 948 Mauortiani.

298 982 422 1022 Porro
455 981 507 1020 ad
536 981 643 1021 hunc
675 981 855 1021 ordinem
885 980 1062 1031 pertinet
1092 979 1279 1030 idemque
1311 978 1414 1018 libro
1441 979 1474 1018 B
1504 978 1761 1030 potissimum

180 1041 324 1081 adfinis
343 1043 404 1080 est
423 1042 546 1081 codex
558 1042 595 1080 A
614 1040 907 1080 Mauortianus.
939 1039 1186 1080 Mauortiani
1205 1039 1360 1079 codices
1380 1040 1475 1079 sunt
1487 1035 1635 1090 Ak'gq
1655 1038 1761 1076 Tau-

177 1101 347 1141 rinensis
389 1101 662 1140 Bruxellensis
702 1099 939 1152 Reginensis
980 1101 1022 1139 et
1061 1099 1339 1139 uerisimiliter
1369 1094 1414 1139 6'.
1484 1098 1762 1138 Mauortianos

178 1161 431 1212 appellamus
451 1160 605 1200 codices
626 1159 698 1211 qui
717 1161 791 1199 aut
802 1159 954 1199 habent
973 1159 1309 1209 subscriptionem
1321 1158 1516 1198 Mauortii
1536 1159 1610 1197 aut
1622 1158 1762 1197 uiden-

178 1223 248 1260 tur
265 1221 463 1261 habuisse.
507 1219 598 1260 Vid.
624 1220 747 1259 huius
771 1219 992 1258 uoluminis
1018 1233 1055 1270 p.
1078 1220 1162 1258 335
1184 1231 1241 1269 sq.
1269 1220 1310 1257 et
1327 1218 1485 1270 Epileg.
1505 1231 1544 1268 p.
1568 1219 1651 1258 785
1677 1230 1762 1268 sqq.

180 1281 415 1332 Complures
447 1279 754 1330 subscriptionis
791 1278 988 1331 imagines
1019 1278 1142 1318 habes
1175 1278 1283 1329 apud
1316 1277 1527 1317 Chatelain
1562 1272 1764 1332 (codicum

179 1342 256 1392 qu
291 1341 414 1381 Brux.
453 1334 649 1394 Taurin.)
710 1339 875 1378 Vettius
915 1339 1044 1391 igitur
1079 1338 1258 1390 Agorius
1289 1338 1517 1378 Mauortius
1554 1350 1638 1376 una
1672 1350 1765 1377 eum

179 1401 311 1441 Felice
335 1400 448 1439 urbis
467 1400 618 1439 Romae
645 1401 802 1439 oratore
828 1400 920 1450 post
946 1412 979 1438 a.
1008 1400 1093 1438 527
1122 1393 1236 1452 (nam
1261 1400 1352 1437 tum
1370 1398 1599 1438 Mauortius
1625 1398 1764 1437 consul

180 1455 279 1514 fuit)
299 1459 517 1500 Horatium
541 1459 742 1499 recensuit
767 1460 808 1498 et
833 1459 1073 1510 emendauit,
1102 1458 1239 1498 eadem
1264 1458 1422 1498 ratione
1446 1470 1546 1498 usus
1573 1470 1696 1509 quam
1723 1457 1764 1496 in

180 1520 401 1560 Prudentio
435 1519 586 1559 edendo
618 1519 868 1558 adhibuerat.
929 1519 1031 1558 Erat
1062 1518 1289 1558 Mauortius
1319 1518 1386 1557 uir
1417 1517 1582 1569 optimis
1608 1517 1765 1557 artibus

181 1581 364 1620 excultus
397 1582 437 1619 et
468 1579 730 1630 antiquorum
761 1580 974 1630 poetarum
1006 1584 1140 1618 amore
1172 1580 1333 1630 captus,
1366 1578 1589 1618 scribarum
1620 1578 1765 1617 menda

180 1640 395 1681 correxisse
426 1641 467 1679 et
496 1653 568 1690 per
591 1640 726 1679 totum
757 1638 975 1678 Horatium
1007 1638 1283 1690 distinguendi
1305 1638 1504 1678 rationem
1530 1637 1616 1677 siue
1642 1638 1764 1677 inter-

178 1700 439 1752 punctionem
469 1699 673 1738 induxisse
704 1699 911 1750 putandus
937 1700 1014 1750 est,
1047 1698 1217 1738 eundem
1244 1698 1310 1737 hie
1333 1697 1419 1738 illic
1445 1697 1531 1737 siue
1557 1710 1652 1737 suas
1679 1698 1765 1737 siue

180 1760 326 1800 Felicis
358 1759 656 1800 emendationes
687 1760 737 1797 ut
766 1759 904 1798 uarias
935 1758 1126 1798 lectiones
1159 1758 1416 1809 adscripsisse
1448 1758 1668 1797 uerisimile
1695 1759 1766 1810 est,

182 1833 286 1872 quae
327 1833 375 1859 ex
398 1821 514 1871 parte
554 1819 596 1858 in
634 1821 791 1858 textum
828 1819 1012 1869 receptae
1051 1818 1298 1870 singularem
1334 1817 1554 1857 secundum
1586 1817 1767 1857 ordinem

182 1881 471 1931 formauerunt,
502 1892 623 1930 quem
653 1879 958 1919 Mauortianum
988 1878 1196 1918 nominare
1226 1878 1342 1930 licet;
1372 1890 1466 1916 nam
1500 1877 1654 1917 codices
1686 1877 1766 1928 pri-

181 1939 299 1979 marii
325 1939 430 1991 Am,
457 1939 580 1978 etiam
605 1953 643 1991 g,
668 1939 927 1979 Mauortiana
953 1938 1246 1989 subscriptione
1271 1937 1456 1989 insigniti
1482 1938 1587 1977 sunt.
1638 1937 1768 1976 Vehe-

182 2001 337 2039 menter
376 1999 594 2040 dolendum
634 2001 712 2051 est,
754 1999 862 2050 quod
902 2013 952 2038 ne
972 1990 1118 2037 'unum
1156 1997 1319 2049 quidem
1359 1997 1536 2037 codicem
1572 1997 1767 2036 habemus

181 2059 460 2099 Mauortianas
492 2059 683 2099 lectiones
715 2061 822 2099 certo
856 2060 897 2098 et
928 2059 1159 2099 constanter
1190 2058 1453 2110 exhibentem,
1486 2070 1590 2108 quae
1622 2057 1700 2096 nisi
1726 2057 1768 2095 in

183 2119 321 2171 epodis
359 2121 482 2171 atque
522 2121 667 2170 quarto
700 2119 923 2159 carminum
953 2118 1056 2158 libro
1089 2118 1188 2157 satis
1220 2117 1420 2168 explorari
1459 2119 1501 2156 et
1530 2118 1647 2168 plene
1680 2117 1768 2156 erui

183 2181 400 2232 nequeunt,
442 2193 534 2219 cum
574 2181 687 2218 extra
725 2180 830 2219 hanc
868 2179 1015 2218 Horati
1054 2180 1212 2229 partem
1253 2191 1315 2217 res
1354 2178 1594 2228 plerumque
1633 2177 1686 2216 sit
1727 2176 1769 2215 in

184 2252 387 2290 suspenso.
458 2239 501 2278 Si
544 2252 659 2279 serm.
696 2239 717 2278 I
754 2241 791 2290 3,
829 2241 882 2279 96
928 2238 1082 2279 codices
1127 2238 1248 2278 BruX.
1291 2239 1332 2277 et
1370 2237 1512 2290 Regin.
1550 2237 1648 2277 noui
1690 2250 1768 2276 ser-

184 2299 314 2339 monis
345 2299 511 2338 initium
541 2299 715 2351 faciunt,
755 2299 841 2338 eius
872 2299 931 2338 rei
967 2298 1217 2338 Mauortium
1255 2299 1462 2337 auctorem
1499 2297 1624 2337 fuisse
1663 2297 1768 2336 ueri-

185 2359 313 2399 simile
352 2361 430 2411 est,
470 2371 543 2398 nec
581 2359 714 2398 minus
747 2358 1018 2410 interpunctio
1051 2360 1144 2397 ante
1175 2361 1305 2397 moster
1337 2370 1365 2396 s.
1397 2357 1439 2396 H
1461 2359 1498 2409 6,
1519 2359 1575 2397 48
1608 2357 1650 2396 in
1683 2353 1771 2396 λ’σ’

186 2416 247 2473 (et
276 2414 330 2473 E)
363 2418 413 2458 ab
444 2419 555 2458 illius
586 2419 667 2458 uiri
698 2418 926 2458 recensione
963 2418 1129 2458 uidetur
1166 2418 1364 2470 originem
1399 2417 1570 2458 duxisse.
1631 2417 1770 2456 Etiam

185 2491 369 2530 manibus
399 2504 472 2541 pro
504 2491 660 2530 demens
691 2503 721 2530 S.
753 2490 794 2528 H
824 2492 862 2543 3,
884 2492 968 2530 303
991 2477 1053 2544 (sl
1072 2485 1139 2545 el.)
1182 2491 1224 2530 et
1246 2492 1495 2539 praesectmn
1525 2503 1597 2540 pro
1616 2490 1769 2539 perfec-

186 2566 268 2602 mm,
299 2575 334 2602 a.
359 2576 398 2613 p.
427 2563 512 2602 294
544 2549 607 2616 (fi
625 2557 694 2615 01.)
732 2562 926 2602 Mauortii
962 2562 1124 2615 ingenio
1163 2561 1340 2601 tribuere
1381 2561 1452 2600 uix
1483 2560 1769 2600 dubitabimus.

186 2622 325 2661 Liceat
360 2622 426 2661 hic
465 2622 603 2662 afferre
641 2621 808 2681 aliquod
846 2623 1073 2673 exemplum
1107 2621 1445 2672 interpunctionis
1476 2621 1770 2671 Mauortianae,

189 2694 348 2721 carmen
379 2682 441 2720 III
469 2684 542 2732 10,
578 2683 786 2732 sumptum
817 2695 864 2721 ex
895 2682 1030 2722 codice
1061 2683 1093 2720 l:
1125 2681 1298 2732 simplici
1328 2682 1479 2731 puncto
1510 2680 1617 2718 idem
1647 2679 1771 2731 signi-

188 2741 342 2793 ficatur,
375 2742 489 2792 quod,
513 2743 650 2782 nostro
683 2743 897 2792 commate3
929 2755 1001 2791 pro
1027 2743 1164 2780 nostro
1191 2742 1342 2791 puncto
1368 2739 1597 2779 Mauortius
1623 2752 1769 2790 ponere
1833 2782 1846 2794 ,

190 2801 293 2840 solet
324 2802 431 2851 quod
462 2815 534 2841 nos
565 2802 783 2841 semicolon
814 2801 995 2840 dicimus.

475 2862 709 2900 Extremwm
742 2861 901 2901 Talnam
931 2862 967 2900 si
998 2861 1140 2900 biberis
1170 2860 1267 2899 Lice

476 2920 603 2960 Saeuo
633 2924 759 2970 nupta
788 2922 899 2968 αόνῳ·
929 2933 990 2959 me
1021 2923 1150 2960 tamen
1177 2932 1345 2969 'asperas

478 2981 704 3020 Porrectwm
734 2984 824 3020 cmte
854 2982 969 3030 force.
1001 2982 1147 3021 obicere
1176 2981 1314 3020 incolis
