2002 3224
853 104 943 141 LIB.
962 104 1025 142 ΠΙ.
1051 108 1145 141 5-6
1699 107 1782 149 167

584 218 694 270 atqui
726 217 878 257 sciehat
910 230 1010 270 quae
1043 217 1122 258 sibi
1151 217 1345 258 barbarus

582 293 711 329 tortor
740 294 916 344 pararet3
948 301 1028 329 non
1060 289 1175 330 ahter
1206 294 1340 329 tamen
1737 299 1782 329 50

641 361 810 401 dimouit
841 361 1036 401 obstantis
1065 363 1313 414 propinquos

701 438 741 473 et
770 433 962 486 populum
993 433 1147 474 reditus
1178 438 1418 487 morantem,

582 517 701 557 quam
733 506 769 545 si
799 505 991 545 clientum
1022 505 1138 558 longa
1169 507 1327 558 negotia

584 576 819 616 disiudicata
851 576 919 616 lite
950 577 1214 631 relinqueret,

638 647 809 688 tendens
840 647 1083 688 Venafranos
1115 650 1157 688 in
1189 661 1304 701 agros
1735 658 1779 689 55

692 725 760 761 aut
790 720 1148 761 Lacedaemonium
1179 721 1408 761 Tarentum.

947 900 1028 950 VI.

577 985 727 1025 Delicta
759 986 957 1025 maiorum
988 986 1200 1025 inmeritus
1232 985 1337 1039 lues,

574 1055 768 1111 Romane,
801 1057 928 1097 donee
960 1056 1107 1110 templa
1138 1057 1353 1111 refeceris,

634 1128 822 1180 aedisque
855 1127 1025 1168 labentis
1059 1129 1227 1168 deorum
1260 1134 1300 1169 et

693 1198 807 1238 foeda
839 1200 954 1251 nigro
988 1199 1200 1239 simulacra
1232 1200 1352 1240 fumo.

316 1326 367 1364 49
383 1339 436 1372 sq.
465 1327 508 1364 S:
534 1326 813 1371 Prud.per.IIII
828 1330 914 1363 121:
941 1326 1168 1363 barbarus
1188 1328 1339 1363 τοι-τοι·
1358 1327 1460 1363 latus
1480 1340 1589 1365 omne
1610 1329 1734 1376 carpit}

197 1376 248 1413 56
275 1376 319 1413 S:
347 1375 415 1412 Ou.
437 1376 524 1411 met.
544 1374 613 1410 XV
633 1377 695 1411 50:
723 1374 1138 1420 Lacedaemoniumque
1165 1375 1372 1411 Tarentum

317 1429 369 1464 ΙΙΙ
394 1433 427 1465 6.
478 1429 501 1464 1
528 1429 570 1464 T:
599 1428 701 1464 Seru.
723 1428 769 1463 de
794 1440 843 1463 m.
863 1427 951 1464 Hor.
972 1428 1042 1464 IIII
1066 1441 1103 1474 p.
1122 1433 1194 1465 470
1244 1428 1360 1466 schol.
1382 1429 1491 1466 Bern.
1512 1431 1563 1466 ad
1583 1431 1695 1477 Verg.
1717 1443 1776 1477 ge.

193 1478 210 1513 I
235 1481 305 1513 502
331 1489 367 1523 p.
389 1480 459 1512 884
473 1476 607 1521 Hagen
670 1475 810 1512 Victor.
833 1476 879 1511 de
904 1488 953 1512 m.
976 1477 1060 1512 Hor.
1082 1489 1119 1522 p.
1142 1480 1210 1512 179
1333 1477 1377 1514 S:
1414 1477 1524 1515 Hom.
1546 1478 1588 1515 Il.
1610 1479 1663 1514 XI
1690 1483 1777 1516 142:

194 1531 264 1562 νῦν
292 1525 360 1572 μὲν
387 1524 434 1571 δὴ
459 1530 526 1560 τοῦ
554 1520 612 1570 (οὗ
635 1523 786 1570 Zenod.)
811 1523 952 1570 πατρὸς
978 1522 1110 1560 ἀεικέα
1135 1526 1253 1561 τίσετε
1280 1525 1403 1574 λώβην
1423 1527 1435 1572 ΙΙ
1454 1526 1540 1562 Eur.
1561 1526 1606 1563 fr.
1628 1531 1698 1563 980
1712 1527 1777 1565 N.:

192 1574 239 1609 τὰ
264 1579 338 1609 τῶν
363 1571 550 1609 τεκόντων
577 1570 764 1618 σφάλματ’
789 1570 842 1613 εἰς
867 1572 954 1613 τοὺς
980 1569 1159 1618 ἐκγόνους
1185 1571 1224 1609 οἷ
1247 1573 1335 1609 θεοὶ
1353 1572 1555 1620 τρέπουσιν
1654 1574 1678 1610 2
1706 1575 1778 1611 Ro-

192 1622 320 1669 mane]
359 1621 402 1658 S:
440 1621 552 1666 Verg.
580 1621 670 1656 Aen.
696 1619 743 1654 VI
768 1623 855 1656 851:
894 1622 937 1655 tu
974 1631 1105 1665 regere
1142 1620 1302 1666 imperio
1339 1621 1516 1668 populos,
1555 1623 1775 1670 Romane,

191 1671 379 1705 memento
477 1669 502 1704 3
533 1668 576 1704 T:
603 1667 745 1703 Victor.
766 1667 812 1703 de
838 1680 886 1704 m.
908 1667 996 1704 Hor.
1017 1681 1054 1714 p.
1076 1671 1144 1704 180
1249 1667 1273 1704 4
1305 1670 1348 1705 T:
1373 1668 1517 1707 Victor.
1544 1670 1591 1706 de
1617 1683 1665 1708 m.
1685 1671 1773 1709 Hor.

190 1730 228 1763 p.
250 1721 319 1753 180
333 1728 387 1762 sq.
487 1715 531 1753 S:
556 1715 644 1751 Eur.
665 1715 755 1751 Hec.
777 1719 845 1750 911
862 1727 917 1761 sq.
938 1716 984 1751 de
1009 1716 1103 1752 urbe
1130 1715 1260 1753 Troia:
1287 1716 1384 1753 κατὰ
1404 1716 1441 1753 δ’
1459 1717 1626 1755 αἰθάλου
1647 1718 1773 1765 κηλῑδ’

192 1764 415 1814 οἰκτροτάτᾳ
441 1763 627 1810 κέχρωσαι
652 1761 799 1799 τάλαιν’

312 1886 347 1920 sz
361 1903 406 1915 =
420 1882 1126 1931 A‘(Aa)BOF(‹paep)Ryoz'(u)mu]
1178 1883 1229 1920 49
1257 1884 1382 1933 atqui]
1407 1870 1551 1933 7c'1r(=
1568 1887 1608 1922 efi
1626 1886 1725 1934 quis)
1738 1887 1777 1924 Β

189 1940 242 1975 At
267 1938 332 1984 qui
356 1939 394 1975 R
430 1938 567 2001 Atflffi
586 1939 610 1973 δ
684 1938 734 1974 50
760 1938 896 1973 Tector
924 1938 1013 1984 Cpr.
1095 1937 1144 1974 51
1172 1938 1360 1974 obstantis
1386 1940 1585 1987 Rfflnwis
1605 1942 1691 1987 δρψ.
1705 1953 1777 1987 per

190 2000 359 2045 errorem)
391 1998 586 2035 obstantes
606 2000 685 2034 cett.
701 1998 756 2033 R2
819 1996 960 2033 amicos
977 1998 1232 2034 FBZuarazu
1272 1998 1504 2044 propinquos
1518 2005 1596 2037 cett.
1610 2013 1637 2036 u
1650 2002 1774 2048 uar.()

263 2052 312 2088 52
350 2052 520 2088 reddibus
551 2060 582 2098 ψ
620 2051 756 2087 riditus
793 2051 824 2087 Ο
964 2051 1015 2088 53
1052 2051 1249 2087 clientium
1274 2053 1432 2088 Εδιῖπ
1457 2054 1552 2101 Pph.
1573 2055 1773 2093 Pseudaer.

190 2109 377 2152 interpret.
414 2105 593 2141 clientum
612 2110 690 2142 cett.
706 2106 745 2140 δε
755 2108 897 2151 Maras.
960 2105 1121 2151 negocia
1139 2118 1192 2142 τα
1288 2105 1339 2143 54
1364 2106 1605 2143 Disiudioata
1618 2109 1775 2145 Fffla'w

189 2159 443 2207 Diiudicatass
463 2160 500 2196 R
538 2158 765 2195 Diiudieata
795 2172 815 2194 τ
858 2158 1077 2195 Diiudicata
1108 2165 1188 2196 cett.
1215 2160 1270 2196 R2
1279 2161 1319 2196 62
1327 2163 1364 2196 λε
1485 2161 1709 2207 relinquerit
1737 2164 1775 2199 B

189 2213 405 2259 relinquent
436 2221 485 2259 ψι
632 2212 682 2249 55
720 2214 896 2258 uenafros
924 2226 944 2248 τ
989 2213 1214 2250 uenefranos
1239 2227 1267 2250 u
1302 2225 1401 2250 uena
1426 2214 1553 2251 fronos
1577 2216 1616 2253 R
1659 2228 1773 2253 uena-

190 2268 315 2303 frenos
335 2268 402 2304 Ae.
531 2267 581 2303 56
607 2266 700 2314 Aut]
725 2268 769 2302 ut
792 2268 835 2302 in
847 2271 978 2303 rasam
990 2268 1111 2303 uida:
1147 2267 1200 2303 At
1224 2268 1271 2304 A'
1387 2268 1714 2306 lacedaemonium
1745 2284 1774 2306 π

189 2323 237 2367 (et
254 2324 288 2366 z)
327 2320 651 2356 lacaedemonium
679 2320 733 2366 Gy
742 2331 783 2356 al
820 2320 1123 2356 lacedomonjum
1149 2324 1184 2357 A
1227 2322 1529 2358 lacedemonium
1549 2324 1772 2361 BFRM'v

189 2386 265 2411 am
284 2375 484 2412 Pseudacr.
1124 2410 1127 2412 μ

310 2434 363 2470 III
398 2439 429 2471 6.
487 2434 553 2470 AD
591 2434 827 2470 POPVLVM
858 2434 924 2480 Ay
972 2434 1039 2470 AD
1077 2434 1312 2472 POPVLVM
1348 2436 1584 2484 (PPoPulum
1614 2439 1651 2484 ἃ)
1688 2437 1771 2474 RO-

192 2488 377 2524 MANVM
415 2488 612 2525 ΒΟδπτα
700 2488 822 2523 ΙΤΕΜ
846 2488 912 2523 AD
939 2488 1210 2525 AVGVSTVM
1247 2490 1324 2526 Εἴ
1404 2490 1470 2526 AD
1496 2490 1771 2528 AVGVSTVM

189 2541 378 2578 ITERVM
402 2555 429 2578 u
524 2544 603 2579 sine
627 2543 839 2588 interuallo,
863 2544 926 2579 sed
951 2555 1033 2582 cum
1056 2545 1194 2580 maiore
1219 2545 1344 2581 littera
1368 2545 1514 2580 initiali
1540 2546 1577 2581 R

310 2613 332 2649 1
370 2613 518 2650 Delicta
542 2614 580 2651 R
664 2614 876 2650 immeritus
896 2614 1027 2660 Α’γδλ
1049 2616 1262 2652 Victorinus
1286 2602 1487 2659 immeriti&
1508 2617 1547 2653 R
1572 2616 1769 2652 inmeritus

192 2667 317 2703 leu
342 2678 460 2712 expos.
484 2673 584 2704 metr.
605 2669 698 2714 Pph.
720 2668 873 2705 Seruius
909 2668 1083 2703 Tmeri'cus
1109 2669 1187 2705 BC
1219 2669 1406 2705 inmeritis
1431 2671 1540 2706 schol.
1565 2670 1669 2717 Verq.
1688 2672 1767 2708 uid.

190 2721 335 2767 Epiley.
357 2722 406 2756 ad
431 2733 460 2757 e.
479 2721 497 2756 Ι
523 2725 579 2767 17,
599 2726 645 2757 28
718 2722 791 2757 luis
816 2723 923 2758 schol.
946 2722 1050 2768 Very.
1149 2722 1173 2757 2
1200 2723 1366 2759 Romane
1384 2723 1422 2759 R
1495 2723 1672 2771 refeceris
1697 2738 1719 2770 y

190 2774 214 2809 3
241 2773 355 2809 Aedis
370 2773 461 2809 *A'B
503 2774 636 2810 Aaedes
657 2777 681 2810 ὃ
729 2776 828 2811 Edes
847 2788 874 2811 u
911 2775 1034 2810 Aedes
1053 2779 1131 2811 cett.
1147 2776 1358 2812 Victorinus
1424 2776 1588 2813 labentis
1610 2778 1767 2824 ΟΒιγπ

190 2828 362 2863 labentes
388 2828 465 2864 c'ett.
488 2828 698 2865 Victorinus
762 2831 801 2864 et
824 2830 924 2865 omis.
945 2829 982 2864 R
1103 2827 1128 2864 4
1153 2829 1282 2865 Faeda
1304 2829 1342 2865 A
1434 2829 1536 2866 fumo
1563 2830 1766 2867 simulacra

192 2880 300 2926 nigro
325 2892 407 2928 vpr.
507 2881 736 2918 simulachra
760 2896 788 2918 π
826 2882 1004 2918 simulata
1025 2883 1128 2929 Bpr.
