2002 3224
282 158 370 200 226
831 157 1018 194 HORATI
1043 157 1308 195 OARMINVM

627 274 865 310 transmutat
895 271 1070 310 incertos
1101 269 1292 323 honores,

688 354 794 382 nunc
826 341 936 395 mihi,
967 353 1074 382 nunc
1105 340 1172 381 alii
1202 340 1383 393 benigna.

568 412 684 453 laudo
717 418 960 454 manentem:
993 414 1027 453 si
1059 412 1201 453 celeris
1233 414 1360 466 quatit

567 486 729 539 pinnas,
759 486 919 536 resigno
952 497 1052 537 quae
1085 484 1194 524 dedit
1225 489 1265 524 et
1295 496 1383 524 mea

628 558 777 597 uirtute
808 569 872 597 me
903 556 1065 597 inuoluo
1096 555 1339 609 probamque
1806 564 1851 597 55

688 630 919 682 pauperiem
952 630 1038 669 sine
1071 628 1161 669 dote
1194 640 1352 681 quaero,

570 712 650 740 non
683 705 744 741 est
773 713 924 755 meum,
957 701 991 740 si
1022 701 1172 752 mugiat
1202 699 1346 740 Africis

568 771 696 813 malus
727 771 931 826 procellis,
964 771 1012 812 ad
1043 773 1210 812 miseras
1241 783 1381 824 preces

629 844 842 885 decurrere
875 848 915 883 et
946 844 1050 883 uotis
1081 844 1249 896 pacisci,

687 928 737 955 ne
770 915 935 968 Cypriae
961 914 1182 967 Tyriaeque
1214 926 1368 954 merces
1810 921 1856 955 60

284 1036 378 1082 phil.
400 1036 537 1072 consol.
552 1036 586 1071 ΙΙ
604 1040 624 1071 2
650 1035 716 1071 ubi
734 1036 980 1071 Fortunam
998 1034 1092 1071 facit
1111 1034 1316 1072 dicentem:
1343 1034 1442 1070 hunc
1462 1033 1679 1070 continuum
1697 1033 1855 1070 ludum

284 1083 486 1119 ludimus
515 1086 527 1130 ss
558 1083 752 1120 Claudian.
779 1084 819 1119 in
843 1083 998 1129 Eutrop.
1018 1083 1036 1118 I
1055 1087 1101 1118 24
1116 1094 1188 1128 sq.:
1221 1084 1292 1118 hoc
1321 1081 1445 1128 regni,
1477 1082 1693 1128 Fortuna,
1725 1083 1856 1118 tenes?

286 1142 471 1176 quaenam
490 1131 566 1167 ista
591 1131 777 1167 iocandi
797 1130 1014 1175 saeuitia,
1039 1130 1214 1166 humanis
1234 1131 1418 1175 quantum
1436 1129 1670 1166 bacchabere
1688 1129 1825 1165 rebus?
1841 1129 1856 1178 ΙΙ

285 1179 365 1216 qu.
386 1183 419 1225 3,
435 1182 479 1214 39
495 1190 566 1224 sq.:
598 1179 729 1224 quales
762 1190 807 1214 ex
837 1178 973 1214 humili
996 1189 1135 1223 magna
1161 1178 1210 1213 ad
1236 1177 1393 1224 fastigia
1417 1188 1541 1212 rerum
1566 1176 1732 1223 extollit,
1764 1187 1854 1222 quo—

283 1226 384 1262 tiens
409 1227 532 1262 uoluit
556 1227 725 1262 Fortuna
748 1226 866 1262 iocari
884 1229 896 1271 n
916 1227 998 1262 Sen.
1019 1226 1152 1262 Troad.
1175 1229 1244 1261 565
1259 1237 1332 1270 sq.:
1365 1235 1528 1260 saeuus
1561 1235 1610 1260 an
1642 1223 1764 1260 uictor
1787 1225 1854 1261 tuo

285 1273 401 1310 lusit
433 1277 584 1310 cruore?
706 1274 758 1310 50
788 1273 1015 1310 locutionem
1043 1273 1217 1308 ‘ludum
1242 1273 1420 1308 ludere’
1449 1271 1603 1308 exhibet
1627 1271 1745 1308 etiam
1769 1271 1855 1315 Ter.

285 1333 367 1358 eun.
389 1325 457 1357 586
473 1333 527 1367 sq.
549 1340 594 1352 =
613 1322 666 1357 III
691 1325 723 1365 5,
738 1325 783 1357 38
798 1333 852 1366 sq.
944 1321 994 1357 53
1009 1332 1088 1366 sqq.
1115 1321 1157 1357 S:
1185 1320 1268 1357 Sen.
1288 1319 1447 1356 Phaedr.
1469 1322 1723 1357 1041-1043:
1747 1318 1857 1356 uolat

286 1369 475 1416 ambiguis
500 1368 652 1405 mobilis
679 1369 749 1405 alis
775 1369 885 1414 hora,
914 1379 982 1404 nec
1007 1368 1077 1404 ulli
1101 1369 1273 1414 praestat
1296 1367 1407 1403 uelox
1431 1367 1598 1403 Fortuna
1621 1366 1735 1403 fidem
1752 1367 1766 1413 11
1785 1365 1853 1404 Ou.

284 1419 330 1454 tr.
351 1416 385 1452 V
405 1420 461 1462 14,
476 1420 520 1452 29
535 1429 608 1462 sq.:
639 1428 726 1452 rara
750 1416 903 1462 quidem
927 1416 1064 1461 uirtus,
1097 1427 1212 1461 quam
1236 1426 1313 1451 non
1336 1415 1503 1451 Fortuna
1528 1414 1730 1461 gubernet,
1756 1425 1854 1460 quae

284 1466 439 1500 maneat
457 1464 599 1510 stabili,
619 1476 703 1500 cum
721 1464 822 1510 fugit
839 1464 917 1510 illa,
937 1463 1033 1509 pede
1051 1465 1064 1510 ΙΙ
1083 1463 1166 1500 Seu.
1181 1463 1228 1498 de
1246 1461 1440 1508 tranquill.
1456 1466 1518 1500 11:
1539 1462 1852 1508 quandocumque

288 1514 415 1548 autem
447 1512 603 1548 reddere
633 1511 843 1557 iubebitur,
875 1523 952 1547 non
976 1512 1153 1556 queretur
1178 1522 1262 1546 cum
1286 1510 1469 1556 Fortuna,
1501 1510 1568 1546 sed
1593 1509 1711 1546 dicet:
1746 1507 1858 1556 ‘quia

285 1559 467 1606 imperas,
494 1559 586 1595 cedo
612 1561 742 1606 gratus
767 1559 976 1604 libensque.
1027 1557 1151 1604 siquid
1176 1558 1316 1594 habere
1340 1569 1401 1593 me
1426 1557 1483 1593 tui
1507 1556 1688 1603 uolueris,
1723 1555 1855 1593 etiam·

284 1618 385 1643 nunc
411 1607 586 1652 seruabo;
614 1607 646 1642 si
672 1606 776 1642 aliud
800 1606 943 1653 placet,
976 1617 1046 1652 ego
1072 1617 1160 1642 uero
1185 1605 1329 1641 factum
1353 1605 1620 1651 signatumque
1645 1605 1855 1651 argentum,

285 1655 438 1690 domum
463 1654 723 1699 familiamque
748 1666 870 1690 meam
895 1654 1023 1700 reddo,
1049 1653 1222 1689 restituo’
1299 1653 1349 1689 53
1365 1664 1419 1698 sq.
1445 1653 1487 1689 S:
1515 1653 1600 1690 Eur.
1620 1652 1676 1689 El.
1698 1655 1767 1688 943
1781 1663 1854 1698 squ

286 1702 306 1738 ὃ
326 1701 364 1738 δ’
381 1702 488 1750 ὄλβος
504 1732 511 1739 .
527 1731 534 1739 .
550 1731 558 1739 .
574 1700 744 1746 ἐξέπτατ’
761 1703 887 1746 οἴκων,
914 1701 1069 1748 σμικρὸν
1089 1700 1263 1746 ἀνθήσας
1281 1700 1418 1747 χρόνον
1437 1703 1449 1745 ΙΙ
1466 1699 1619 1737 Lucian.
1633 1699 1777 1736 Timon.
1792 1703 1855 1736 20:

286 1749 428 1786 ὁπόταν
455 1749 496 1786 δὲ
523 1749 829 1786 ἀπαλλάττεσθαι
855 1747 941 1798 δέῃ,
973 1748 1117 1795 πτηνὸν
1143 1749 1247 1793 ὄψει,
1278 1749 1374 1784 πολὺ
1405 1753 1477 1783 τῶν
1504 1747 1645 1794 ὀρνέων
1671 1747 1858 1792 ὠκύτερον

334 1797 384 1834 53
412 1798 455 1835 S:
487 1797 626 1833 aetatis
655 1797 946 1833 Commodianae
977 1796 1137 1842 nummi,
1170 1796 1296 1832 Cohen
1314 1795 1386 1830 111²
1409 1807 1444 1841 p.
1466 1799 1553 1831 249:
1590 1793 1854 1831 FORTVNAE

285 1845 514 1881 MANENTI
553 1847 565 1892 ΙΙ
607 1845 705 1881 Petr.
733 1849 797 1882 80:
843 1857 927 1881 cum
969 1845 1120 1880 fortuna
1160 1845 1306 1888 manet,
1343 1842 1489 1878 uoltum
1527 1841 1705 1887 seruatis,
1743 1840 1858 1877 amici

337 1891 387 1929 54
414 1893 462 1928 ad
488 1897 583 1928 sent.
611 1893 653 1929 S:
679 1904 856 1939 panegyr.
885 1891 1036 1927 Maxim.
1062 1893 1102 1927 et
1127 1890 1319 1927 Constant.
1346 1901 1375 1926 c.
1398 1894 1459 1926 12:
1496 1889 1640 1936 recipe,
1675 1887 1856 1935 Iuppiter,

290 1940 392 1986 quod
417 1939 664 1976 commodasti
809 1939 859 1976 55
875 1951 929 1984 sq.
957 1939 999 1976 S:
1027 1938 1091 1975 Sil.
1112 1938 1129 1973 1
1149 1942 1216 1974 609
1231 1949 1304 1983 sq.:
1336 1939 1515 1982 castaque
1540 1937 1673 1972 beatos
1696 1946 1858 1982 pauper-

287 1990 367 2024 tate
420 1989 520 2023 atres
539 1989 551 2034 ss
570 1987 668 2023 Petr.
690 1991 752 2023 84:
778 1987 899 2022 bonae
924 1985 1061 2022 mentis
1087 1996 1190 2021 soror
1215 1987 1273 2021 est
1294 1987 1498 2031 paupertas
1572 1983 1622 2020 55
1649 1983 1693 2021 S:
1719 1982 1857 2029 ἀρετὴν

288 2000 572 2081 ἀμφιέννυσθαι
599 2034 696 2071 Plat.
723 2035 769 2069 de
794 2045 871 2080 rep.
891 2034 926 2070 V
943 2046 980 2080 p.
997 2036 1104 2069 4573,
1243 2032 1294 2068 56
1319 2032 1481 2079 mugire]
1507 2032 1550 2069 S:
1581 2031 1688 2068 Hom.
1716 2031 1810 2085 βοᾶν

288 2083 336 2118 57
354 2094 409 2127 sq.
436 2083 478 2119 S:
511 2082 622 2118 Mart.
642 2082 659 2116 I
679 2085 796 2127 49,19
811 2094 883 2127 sq.:
916 2084 958 2117 at
989 2092 1073 2117 cum
1098 2080 1304 2117 December
1335 2091 1450 2116 canus
1483 2081 1522 2115 et
1551 2079 1685 2115 bruma
1715 2089 1858 2125 impo-

286 2132 389 2166 tens
421 2129 650 2175 Aquilone
686 2140 799 2165 rauco
837 2129 1012 2176 mugiet
1058 2129 1071 2175 11
1121 2139 1232 2164 carm.
1267 2139 1376 2164 anon.
1409 2128 1455 2163 de
1487 2126 1611 2163 uentis
1635 2130 1731 2163 u.8:
1769 2124 1858 2162 huic

289 2178 422 2213 laeuus
449 2178 586 2213 Boreas
612 2177 768 2223 glaciali
791 2176 942 2212 turbine
966 2175 1115 2222 mugit
1207 2175 1254 2211 57
1283 2175 1327 2212 S:
1353 2175 1435 2211 Ter.
1455 2174 1649 2211 heautont.
1663 2177 1732 2210 549
1743 2191 1791 2221 ,ε
1805 2173 1859 2208 ΠΙ

286 2229 393 2270 2,38:
419 2235 494 2260 non
514 2227 572 2261 est
590 2224 743 2260 mentiri
765 2235 891 2260 meum
921 2227 933 2270 ΙΙ
963 2223 1086 2260 Plaut.
1113 2235 1167 2260 as.
1193 2223 1208 2258 Ι
1234 2227 1267 2269 3,
1281 2226 1326 2258 38
1424 2222 1474 2259 58
1490 2234 1544 2267 sq.
1566 2222 1609 2259 S:
1636 2220 1855 2265 Quintilian.

287 2272 445 2309 declam.
460 2275 529 2308 377
554 2284 590 2318 p.
610 2276 681 2308 419
695 2272 758 2308 R:
791 2272 840 2308 ad
864 2283 994 2318 preces
1020 2272 1214 2307 decurrere
1347 2270 1398 2306 59
1425 2271 1468 2307 S:
1496 2270 1579 2306 Sen.
1604 2271 1683 2305 nat.
1710 2270 1855 2314 quaest.

286 2320 357 2355 1111
378 2323 408 2366 7,
425 2324 462 2356 1:
487 2321 630 2366 negant
653 2331 765 2365 posse
790 2319 881 2366 fieri,
907 2321 951 2355 ut
974 2331 1059 2355 cum
1084 2318 1266 2365 grandine
1294 2317 1431 2363 aliquis
1456 2317 1673 2363 paciscatur
1698 2319 1737 2353 et
1759 2318 1854 2352 tem-

286 2370 453 2414 pestates
479 2367 712 2403 munusculis
737 2367 902 2403 redimat

409 2485 1284 2534 ΩςΑ’(Αα)Β’(ΒΟ)Γ(φψ>1ῗγδλ’(λῖ)πα]
1359 2484 1406 2520 51
1435 2484 1677 2520 Transmotat
1703 2484 1735 2520 0
1801 2481 1857 2519 in·

288 2543 410 2577 cestos
435 2552 479 2577 ul
504 2545 571 2577 aut
590 2553 650 2587 pr.
797 2540 847 2576 52
873 2539 988 2575 michi
1013 2553 1042 2585 φ
1192 2538 1242 2574 53
1269 2537 1399 2573 celeris
1425 2537 1670 2583 Ryamppm
1718 2536 1857 2572 celeres

288 2599 367 2632 cett.
394 2595 477 2640 δ2ψ
502 2605 594 2630 corr.
753 2593 803 2630 54
829 2593 980 2640 pinnas]
1005 2592 1152 2629 Pennas
1177 2591 1342 2628 Αἐδπιι
1486 2591 1525 2626 et
1548 2590 1650 2638 mea]
1676 2591 1775 2626 omis.
1801 2589 1857 2626 131

289 2649 374 2685 add.
400 2648 456 2684 Re
555 2647 605 2684 55
630 2647 802 2683 inuoluto
827 2661 849 2693 γ
958 2647 1008 2683 56
1035 2657 1148 2692 quero
1174 2658 1247 2692 για
1351 2645 1400 2681 57
1427 2643 1572 2691 mugiat
1595 2644 1633 2680 R
1729 2641 1857 2679 africis

288 2701 483 2747 A2FR10.
497 2713 570 2738 ras,
586 2702 835 2747 δ2λ2πῑΡΡῙι.
887 2699 1026 2736 affricis
1051 2700 1141 2736 Riu
1188 2699 1326 2734 africus
1352 2698 1598 2744 A'B'ydlzia
1701 2696 1752 2733 58
1777 2695 1858 2732 Ma-

287 2762 345 2796 ius
371 2762 408 2796 B
489 2771 644 2807 praeces
670 2761 787 2797 ΑὈὃ
873 2760 923 2796 59
948 2756 1144 2795 Decurrere
1162 2760 1186 2794 ὃ
1233 2758 1446 2794 Decurrer&
1470 2770 1539 2794 πα.
1554 2768 1626 2794 ras.
1698 2753 1859 2804 passsisci

289 2818 329 2859 ὃ,
355 2841 388 2850 v
409 2817 454 2852 ab
480 2816 602 2852 altera>
620 2827 735 2851 manu
831 2813 993 2862 pacisssci
1017 2826 1045 2848 π
1140 2824 1176 2848 u.
1197 2811 1248 2847 60
1274 2813 1372 2848 omis.
1387 2824 1483 2858 apr.
1569 2810 1648 2846 Nec
1677 2807 1858 2846 01312'111

284 2880 323 2913 10·
344 2880 435 2904 corr.
450 2869 542 2915 Pph.
629 2868 745 2917 ciprie
772 2868 842 2904 Au
890 2866 1016 2912 cyprie
1041 2878 1069 2901 π
1160 2864 1310 2912 Tyriae]
1337 2865 1455 2915 tyriee
1480 2878 1508 2901 π
1536 2865 1682 2911 (mary.)
1734 2861 1857 2908 syriae

290 2922 348 2958 ὃς
363 2922 455 2967 Pph.
507 2921 595 2970 sirie
620 2934 646 2958 u
671 2923 708 2969 (1
720 2921 831 2957 tiriae
855 2931 898 2957 αι
912 2921 997 2967 my.)
1094 2929 1239 2964 merges
1266 2918 1303 2953 B
