2002 3224
305 158 390 200 338
828 158 1030 194 CARMEN
1055 158 1336 195 SAECVLARE

649 270 749 310 alme
782 269 866 324 Sol,
898 283 1018 310 curru
1049 270 1175 310 nitido
1207 270 1313 309 diem
1345 270 1415 322 qui

647 343 799 395 promis
830 346 870 381 et
902 341 1023 395 celas,
1055 340 1234 393 aliusque
1266 345 1306 380 et
1336 340 1442 380 idem
1826 348 1869 381 10

648 415 842 467 nasceris,
872 414 1003 466 possis
1034 412 1134 452 nihil
1165 412 1264 452 urbe
1295 411 1418 451 Roma

707 487 840 526 uisere
874 486 1013 525 maius.

647 559 723 597 rite
755 562 931 597 maturos
964 557 1120 609 aperire
1152 560 1289 608 partus

646 628 766 683 lenis,
796 628 970 682 Ilithyia,
1000 633 1113 667 tuere
1145 631 1310 681 matres,

646 702 732 740 siue
764 705 808 740 tu
838 699 989 740 Lucina
1018 698 1164 752 probas
1195 700 1331 739 uocari
1825 706 1868 738 15

705 784 775 812 seu
807 770 1016 811 Genitalis:

645 844 755 897 diua,
785 843 983 896 producas
1015 841 1212 895 subolem,
1243 846 1479 894 patrumque

646 927 860 968 prosperes
892 914 1052 954 decreta
1084 925 1204 966 super
1234 913 1417 965 iugandis

644 987 805 1026 feminis
835 985 1040 1039 prolisque
1071 997 1198 1025 nouae
1230 985 1352 1025 feraci

707 1057 794 1110 lege
826 1059 984 1111 marita,
1823 1064 1870 1097 20

646 1134 779 1170 certus
811 1129 992 1170 undenos
1021 1128 1182 1169 deciens
1213 1140 1286 1181 per
1316 1140 1440 1168 annos

646 1201 756 1242 orbis
787 1206 831 1241 ut
862 1206 1002 1241 cantus
1034 1201 1259 1253 referatque
1291 1199 1405 1241 ludos

421 1412 470 1448 11
487 1423 541 1457 sq.
575 1411 618 1449 S:
655 1411 772 1447 Rutil.
798 1410 951 1447 Namat.
983 1413 1073 1456 1,81
1091 1422 1164 1455 sq.:
1202 1409 1329 1446 omnia
1364 1410 1546 1456 perpetuo
1587 1419 1684 1454 quae
1721 1410 1875 1446 seruant

301 1460 426 1496 sidera
459 1462 576 1505 motu,
614 1459 759 1494 nullum
791 1458 968 1494 uiderunt
1003 1457 1197 1504 pulchrius
1233 1457 1431 1504 imperium
1462 1459 1474 1503 ΙΙ
1509 1456 1716 1503 Apollinar.
1744 1456 1869 1494 Sidon.

300 1519 413 1544 carm.
435 1507 504 1543 VH
524 1511 609 1542 503:
641 1506 697 1542 nil
721 1509 760 1543 te
787 1505 880 1553 (scil.
900 1506 1034 1552 Roma)
1059 1506 1221 1541 mundus
1252 1505 1370 1541 habet
1398 1503 1534 1540 melius
1564 1506 1577 1551 11
1606 1504 1767 1541 Pausan.
1785 1503 1873 1540 VIII

300 1560 356 1602 33,
373 1559 411 1592 3:
439 1556 661 1637 Βαβυλῶνος
678 1584 684 1591 .
701 1584 708 1591 .
726 1584 733 1591 .
755 1553 889 1600 ἥντινα
916 1551 992 1589 εἶδε
1017 1554 1162 1589 πόλεων
1187 1559 1261 1589 τῶν
1287 1551 1369 1589 τότε
1395 1554 1522 1599 μεγίστ
1547 1565 1570 1588 ν
1589 1550 1692 1598 ἥλιος
1710 1554 1723 1597 ΙΙ
1740 1551 1869 1598 Antip.

299 1603 340 1638 in
364 1603 468 1639 anth.
525 1603 573 1638 al.
587 1603 693 1638 VIIII
714 1605 771 1648 58,
788 1606 806 1637 7
822 1613 894 1646 sq.:
927 1601 1064 1646 νόσφιν
1093 1600 1278 1647 Ὀλύμπου
1302 1599 1418 1642 ’Ἅλιος
1449 1601 1519 1636 οὐδ
1541 1613 1562 1636 ν
1586 1613 1645 1636 πω
1675 1604 1780 1636 τοῖον
1806 1597 1872 1636 ἐπ-

298 1651 488 1697 ηυγάσατο
502 1651 513 1698 ΙΙ
525 1650 655 1686 Liuius
675 1650 835 1696 praefat.
852 1653 894 1684 11
970 1649 1020 1685 13
1041 1649 1084 1686 S:
1110 1648 1324 1685 Nemesian.
1345 1660 1427 1694 eyn.
1449 1652 1534 1684 132:
1559 1647 1739 1683 fecundos
1765 1657 1870 1693 ape-

297 1698 361 1734 rit
383 1700 548 1744 partus
573 1699 723 1733 matura.
747 1697 913 1743 grauedo
1011 1696 1062 1733 15
1087 1698 1131 1733 T:
1158 1697 1260 1733 Seru.
1281 1696 1330 1731 ad
1350 1696 1416 1732 ecl.
1438 1700 1471 1742 4,
1487 1699 1548 1732 10:
1578 1694 1673 1732 ‘siue
1698 1696 1738 1731 ize
1761 1694 1869 1730 Luci-

300 1757 389 1781 nam
414 1746 553 1792 probas
579 1745 708 1781 uocari
733 1756 798 1781 seu
822 1745 862 1780 te
886 1744 1038 1790 penisus
1064 1744 1256 1780 Iunonem’
1280 1744 1381 1788 quod
1406 1754 1451 1779 ex
1470 1743 1505 1779 h.
1526 1743 1550 1779 1.
1571 1744 1611 1779 et
1635 1754 1666 1778 c.
1684 1742 1703 1778 Ι
1727 1745 1831 1789 21,3.
1845 1746 1869 1779 4

305 1793 508 1829 conflatum
534 1794 592 1829 esta
665 1793 713 1828 ad
737 1804 816 1828 rem
837 1792 880 1829 S:
907 1791 988 1828 Cat.
1009 1795 1065 1837 34,
1080 1796 1123 1827 21
1139 1804 1193 1837 sq.
1221 1792 1267 1826 de
1286 1791 1426 1827 Diana:
1453 1790 1503 1825 sis
1529 1800 1769 1835 quocumque
1787 1789 1869 1835 pla.-

301 1843 362 1876 cet
397 1840 470 1876 tibi
509 1842 642 1876 sancta
677 1840 827 1876 nomine
936 1839 987 1875 20
1019 1839 1154 1885 Porph.
1186 1838 1399 1874 maritam
1436 1838 1558 1882 legem
1595 1848 1663 1882 pro
1701 1835 1869 1872 maritali

300 1888 478 1924 Plautina
510 1888 736 1924 auctoritate
767 1887 910 1923 dictum
936 1897 1018 1922 esse
1049 1888 1171 1930 pumt,
1202 1885 1278 1922 uid.
1298 1884 1407 1931 Epid.
1430 1888 1498 1920 180
1513 1902 1556 1914 =
1570 1884 1605 1919 II
1619 1888 1651 1929 1,
1666 1888 1709 1920 11
1728 1886 1742 1930 ΙΙ
1758 1883 1868 1930 Prop.

298 1936 369 1971 ΠΙΙ
389 1940 445 1981 11,
460 1940 522 1971 33:
548 1936 650 1971 faces
676 1935 836 1971 maritae
913 1932 1064 1969 21—24
1090 1933 1313 1969 Censorinus
1339 1933 1385 1967 de
1411 1932 1472 1967 die
1496 1933 1575 1968 nat.
1597 1935 1748 1976 0.17‚92
1773 1931 1869 1967 adeo

298 1985 344 2018 ut
367 1983 545 2018 Horatius
572 1983 728 2018 Flaccus
753 1982 793 2017 in
819 1981 993 2026 carmine,
1019 1981 1120 2026 quod
1153 1980 1408 2016 saecularibus
1440 1979 1540 2015 ludis
1571 1980 1768 2015 cantatum
1798 1980 1868 2024 eelz,

297 2030 337 2065 id
363 2032 512 2076 tempus
538 2030 610 2065 hoc
634 2030 747 2065 modo
774 2029 1048 2074 designaueri‘n:
1076 2029 1199 2064 certus
1214 2027 1488 2072 -frequentes
1602 2026 1651 2062 21
1678 2027 1722 2063 T:
1748 2025 1871 2063 Seruii

297 2077 492 2113 Leidensis
519 2078 567 2113 ad
594 2077 661 2114 ecl.
682 2082 716 2124 4,
730 2081 751 2112 5

419 2293 455 2326 Ω
475 2309 519 2322 =
538 2290 1443 2339 A'(Aa)B'(BO)F<q01p)Rye‘(6d)z‘(zz)vnu]
1600 2289 1624 2325 9
1649 2287 1782 2325 Aalme
1807 2288 1822 2325 l

299 2345 349 2381 10
376 2345 501 2380 caelas
528 2344 715 2382 GFRdz2
733 2350 776 2382 ut
793 2346 871 2381 uid.
897 2345 994 2381 telas
1019 2345 1056 2393 Β
1154 2343 1324 2388 aluisque
1343 2344 1381 2380 R
1513 2342 1560 2379 11
1587 2342 1705 2378 nichil
1729 2345 1820 2390 2.un
1842 2390 1844 2393 .

299 2398 349 2434 13
376 2398 548 2444 apperire
574 2399 614 2434 δ’
687 2398 845 2444 parthus
870 2399 897 2434 l1
917 2403 984 2435 aut
997 2410 1058 2446 pr.
1156 2396 1206 2433 14
1231 2396 1341 2432 Lenis
1366 2396 1526 2442 ilythya,
1551 2397 1613 2433 sed
1638 2395 1717 2432 enis
1741 2395 1862 2442 ily-bhy

296 2471 340 2506 in
357 2481 443 2515 ras„
463 2471 487 2505 ὃ
558 2469 674 2506 Ilith:
700 2470 820 2517 tuere]
845 2470 981 2515 ylythy
1006 2469 1155 2516 iacuere
1180 2482 1201 2514 γ
1280 2467 1432 2513 ilithyia,
1457 2457 1626 2518 R'yzal?
1649 2445 1789 2504 ilifiad
1807 2467 1866 2502 ili-

299 2524 393 2569 lzhya
417 2536 446 2559 π
493 2522 620 2559 ilithia
647 2524 747 2560 Fvn
795 2523 955 2568 flethyia
982 2522 1035 2559 Ol
1082 2521 1229 2567 ilethya
1253 2522 1290 2557 B
1339 2521 1494 2567 ylethya
1519 2521 1556 2556 Α
1653 2520 1703 2556 15
1728 2521 1772 2556 tu
1796 2531 1866 2557 om.

297 2589 325 2613 u
337 2589 397 2623 pr.
496 2577 546 2612 16
572 2576 751 2623 genitalis
772 2578 824 2622 Ω,
848 2577 924 2612 nisi
936 2577 1032 2624 quod
1050 2576 1121 2612 alis
1139 2577 1182 2611 in
1199 2586 1272 2611 ras.
1288 2575 1328 2619 δ,
1347 2574 1545 2610 Pseudacr.
1630 2585 1695 2611 uu.
1716 2573 1866 2610 17—20

297 2631 366 2666 del.
381 2630 606 2676 Peerlkamp,
630 2631 726 2667 idem
744 2631 796 2666 sie
814 2631 1014 2666 ordinabat
1031 2640 1176 2666 uersus:
1203 2632 1258 2664 16.
1274 2630 1425 2663 25-28,
1441 2631 1592 2663 21—24.
1616 2626 1660 2664 G.
1672 2627 1866 2678 Hermann

296 2701 385 2726 nero
409 2691 479 2726 sic:
506 2693 561 2725 16.
588 2693 740 2726 21—24.
768 2693 918 2725 17—20.
945 2692 989 2724 25
1003 2700 1076 2736 sqq.
1222 2687 1270 2723 17
1299 2677 1413 2731 Sdiua
1438 2688 1462 2722 ὃ
1581 2686 1749 2723 sobolem
1775 2686 1868 2740 Ογᾳ

298 2744 402 2789 yloss.
418 2745 452 2778 Γ
472 2748 564 2780 recte
588 2748 667 2780 cett.
687 2743 779 2790 Pph.
927 2743 976 2778 19
1002 2741 1152 2788 plolisq.
1179 2741 1193 2777 l
1211 2752 1272 2786 pr.
1392 2739 1527 2786 feraci,
1553 2739 1590 2775 ci
1612 2741 1655 2776 in
1678 2751 1772 2786 ras„
1786 2741 1820 2776 ’δ

299 2813 348 2848 21
376 2792 598 2850 0611360611ῃῂ
624 2815 738 2850 denos
763 2815 800 2850 B
898 2813 1026 2850 Certos
1051 2813 1149 2849 AR1
1159 2812 1188 2848 λ’
1206 2812 1424 2848 Censorinus
1519 2812 1563 2847 ut
1587 2811 1702 2847 denos
1727 2809 1763 2846 λ’
1790 2812 1817 2857 0

300 2867 449 2902 deciens
475 2868 513 2904 R
563 2868 686 2904 decies
712 2872 788 2904 cett.
803 2868 897 2913 Pph.
915 2868 1134 2904 Censorinus
1241 2865 1292 2901 22
1320 2864 1437 2901 Orbes
1464 2864 1684 2902 Censorinus
1779 2875 1864 2900 can-

299 2921 376 2965 tus]
403 2922 565 2964 quantus
590 2933 618 2956 u
632 2932 692 2966 pr.
765 2921 936 2966 referatq3
965 2922 990 2956 d
1515 2924 1518 2925 ’
