2008 3230
819 129 1107 167 PRAEFATIO.
1636 130 1756 166 XXIX

172 246 324 287 ordinis
361 246 575 286 lectionem
612 245 906 296 repraesentat,
947 244 1186 294 plerumque
1223 242 1378 282 nullius
1415 242 1536 293 pretii
1573 244 1650 295 est,
1686 256 1758 282 nec

171 307 299 346 ullam
341 305 383 344 in
425 305 694 345 assimilandis
735 305 808 343 aut
847 303 1135 342 dissimilandis
1174 304 1224 341 ut
1254 302 1410 353 ,dicunt
1455 302 1603 342 litteris
1640 302 1756 342 fidem

171 366 306 418 habet,
332 366 403 405 cf.:
436 377 596 414 conpos.
620 365 864 414 impatriam,
895 365 1040 412 inpiae,
1067 364 1208 412 inpios,
1234 364 1408 412 inperas,
1433 363 1642 411 inperium,
1669 374 1756 401 con-

165 426 355 476 pedibus,
397 426 584 475 quamdo,
625 425 825 473 quamtus,
862 423 1080 468 ridemtem,
1119 423 1361 471 loquemtem,
1400 423 1654 471 quimtilium,
1695 424 1757 461 de-

173 486 346 533 cenbris‚·
376 497 405 525 s.
430 485 452 523 I
474 486 541 536 10,
564 486 618 524 24
645 485 866 530 commista;
898 496 929 523 0.
955 482 976 521 Ι
1003 484 1071 534 22,
1095 485 1148 522 10
1146 483 1342 534 ‘lalayem
1367 485 1403 521 et
1424 483 1553 529 ultra;
1587 496 1618 522 0.
1646 494 1674 521 s.
1703 485 1755 521 21

170 548 217 584 ut
246 546 365 584 denos
394 558 467 595 pro
498 539 685 583 undenos.
746 543 893 594 Itaque
923 555 1021 582 caue
1047 542 1089 581 in
1117 543 1275 582 textum
1302 542 1536 582 introducas
1563 543 1760 581 studiossa

173 618 206 645 0.
235 604 299 644 ΠΙ
320 606 386 656 27,
410 606 462 644 29
497 605 540 643 et
569 617 602 643 0.
627 603 668 642 H
697 605 734 655 1,
756 605 779 643 6
806 602 1056 652 periculosse.
1118 601 1256 641 Etiam
1293 601 1486 641 lectiones
1522 602 1664 652 prinae
1696 615 1759 641 00-

173 664 272 704 dicis
303 660 342 703 λ’
373 665 441 703 1101
473 677 561 716 eae,
599 676 703 714 quae
733 662 910 714 primum
950 662 993 701 in
1031 657 1071 701 λ’
1105 663 1319 714 apparent,
1357 674 1493 702 omnes
1535 661 1758 701 reiciendae

174 726 286 776 sunt,
326 725 375 763 ut
407 725 618 773 profluunt
646 736 677 762 c.
709 722 794 761 Im
813 724 943 775 3,10.
997 722 1128 762 uirtus
1167 734 1308 761 nomen
1347 735 1419 772 pro
1460 733 1601 761 nomen
1630 723 1760 761 uirtus

174 797 204 824 s.
235 784 256 823 I
285 785 323 835 3,
343 785 412 823 42.
455 784 669 834 hypolitum
699 796 731 822 c.
762 782 846 821 ΙΠΙ
874 785 911 834 7,
933 783 1000 822 26.
1045 794 1074 821 s,
1106 781 1127 821 Ι
1154 783 1192 833 3,
1214 783 1296 821 142
1332 783 1547 830 priuatim,
1588 782 1760 821 fortasse

175 844 432 884 emendatum
459 857 507 883 ex
525 843 695 883 lectione
714 844 923 892 priuatum
943 836 1024 896 (11).
1073 841 1189 892 epist.
1209 841 1230 881 I
1252 843 1318 894 14,
1341 843 1393 881 21
1422 842 1551 890 fornis
1580 836 1760 895 (uolgari

175 898 373 958 sermone)
411 916 484 954 pro
521 904 665 952 fornix.
723 916 755 943 c.
786 902 849 942 ΠΙ
875 903 914 954 5,
942 904 995 941 12
1034 902 1224 941 incolomi.
1281 914 1314 940 c.
1338 900 1402 940 III
1428 903 1495 951 27,
1518 903 1573 942 54
1611 914 1760 941 succus.

173 977 205 1003 c.
230 963 315 1002 1111
345 964 411 1014 15,
434 964 489 1001 24
522 964 684 1002 tanaim.
729 975 763 1002 a.
789 976 828 1013 p.
857 963 939 1002 397
972 962 1148 1010 puplica.
1194 961 1310 1012 epist.
1335 961 1377 999 II
1405 963 1442 1013 2,
1466 963 1518 1001 15
1556 963 1599 1000 in
1636 962 1760 1000 scolis.

175 1023 292 1075 epist.
312 1023 353 1062 II
373 1024 412 1074 2,
436 1024 520 1062 152
542 1023 720 1062 011111111111
739 1023 895 1073 primus
915 1022 1001 1061 exh.
1022 1023 1080 1060 dii
1098 1035 1170 1072 pro
1191 1022 1243 1060 oli.
1277 1033 1305 1060 s,
1326 1021 1347 1060 Ι
1367 1023 1405 1072 4,
1430 1023 1511 1060 108
1538 1033 1760 1070 parassem.

178 1096 212 1123 a.
239 1096 277 1134 p.
312 1083 397 1122 349
430 1084 604 1121 remuttit
625 1096 698 1133 pro
723 1083 891 1121 remittit.
941 1094 978 1120 a.
1003 1094 1041 1131 p.
1072 1083 1152 1121 147
1182 1083 1304 1120 troiae
1327 1083 1489 1120 sort-itur
1514 1082 1565 1120 ab
1590 1093 1662 1120 ouo
1688 1094 1761 1132 pro

175 1141 386 1192 archetypi
416 1141 587 1181 lectione
614 1143 813 1181 troianum
843 1142 997 1180 orditur
1027 1141 1077 1180 ab
1108 1153 1200 1180 ouo:
1239 1141 1311 1180 illa
1350 1142 1411 1180 est
1443 1141 1548 1180 male
1584 1143 1762 1180 correcta

174 1202 287 1242 tertii
318 1201 468 1241 ordinis
499 1201 619 1241 lectio
646 1203 844 1240 troianum
868 1202 1042 1240 sorditur
1067 1202 1116 1239 ab
1147 1213 1180 1239 o.
1208 1195 1286 1254 (π).
1331 1213 1366 1241 a.
1391 1214 1430 1251 p.
1459 1202 1542 1240 223
1569 1202 1700 1240 inerat
1730 1203 1764 1239 et

176 1275 250 1313 pro
281 1262 485 1300 inlecebris
518 1263 601 1300 erat
626 1264 669 1312 et,
695 1274 768 1312 pro
796 1274 876 1312 quo
902 1261 1048 1300 tertius
1074 1261 1169 1300 ordo
1195 1260 1358 1311 legebat
1381 1261 1584 1299 incelebris
1610 1264 1694 1299 erat
1718 1263 1761 1299 et.

174 1322 290 1373 epist.
323 1321 343 1360 I
372 1323 439 1373 18,
460 1323 514 1360 45
561 1323 734 1369 quotiens
778 1333 926 1370 quoque
966 1321 1073 1360 ducit
1111 1333 1184 1371 pro
1224 1322 1472 1369 quotiensque
1508 1321 1616 1359 ducit
1651 1320 1762 1360 tertii

175 1381 345 1431 ordinis3
386 1381 629 1431 archetypus
661 1382 908 1430 quotiensque
939 1381 1071 1420 educet
1100 1380 1347 1421 exhibuerat.
1411 1392 1526 1419 serm.
1551 1380 1594 1419 II
1614 1382 1652 1431 3,
1674 1382 1758 1420 317

174 1455 196 1492 λ
227 1453 401 1501 sufflans
431 1453 488 1491 sic
517 1452 695 1504 praebet,
728 1452 825 1503 quia
857 1453 952 1492 ordo
984 1452 1047 1491 III
1079 1447 1191 1506 (cum
1216 1446 1251 1507 l)
1277 1466 1349 1503 pro
1381 1465 1479 1492 uero
1511 1453 1685 1502 sufflans
1723 1465 1764 1491 se

173 1512 318 1552 habuit
348 1513 522 1563 sufflans
552 1514 598 1557 si,
632 1513 740 1563 quod
772 1513 859 1551 erat
885 1525 1049 1563 prorsus
1076 1512 1307 1552 absurdum.
1369 1512 1466 1552 Inde
1493 1515 1608 1563 patet
1633 1513 1763 1564 illum,

175 1572 247 1623 qui
284 1571 461 1612 codicem
492 1569 525 1611 λ’
556 1572 732 1623 scripsit,
770 1572 1015 1623 ubicumque
1053 1573 1325 1623 corruptelam
1361 1572 1616 1626 inueniebat,
1648 1573 1761 1611 nullo

176 1632 340 1672 meliore
372 1632 506 1671 codice
539 1632 665 1671 altero
698 1632 878 1672 adhibito
910 1632 1090 1672 infelices
1122 1645 1216 1672 suas
1248 1632 1516 1685 cogitationes
1547 1646 1620 1684 pro
1652 1633 1762 1672 ueris

175 1691 322 1732 Horati
352 1691 593 1731 lectionibus
624 1692 834 1731 uenditare
867 1705 947 1731 non
979 1692 1183 1731 dubitasse
1216 1694 1257 1731 et
1288 1692 1434 1732 codicis
1466 1695 1488 1731 λ
1519 1706 1681 1744 quoque
1714 1693 1761 1731 li-

173 1752 353 1791 brarium
385 1746 454 1806 (cf.
487 1764 602 1791 serm.
634 1751 676 1790 II
696 1754 734 1804 3,
757 1747 863 1806 317)
902 1751 954 1790 ad
991 1752 1099 1791 1111110
1130 1752 1296 1792 modum
1331 1754 1488 1791 textum
1522 1752 1758 1792 mutauisse.

294 1811 440 1851 Nescio
486 1825 538 1850 an
581 1812 659 1862 ipsi
699 1811 901 1851 Mauortio
943 1812 1223 1851 attribuendae
1266 1812 1347 1851 sint
1386 1812 1462 1851 hae
1503 1812 1695 1852 lectiones
1730 1810 1762 1851 λ’

175 1872 379 1923 propriae:
412 1884 444 1911 0.
470 1871 553 1910 IIII
575 1873 642 1924 14,
665 1873 719 1911 35
752 1872 989 1912 alexandria
1020 1868 1072 1922 (λ’
1083 1867 1128 1925 q)
1160 1885 1232 1922 pro
1266 1873 1506 1911 alexandrea
1538 1873 1765 1923 archetypi,

177 1944 291 1971 serm.
323 1932 365 1971 II
395 1933 433 1984 6,
453 1933 510 1970 44
551 1932 666 1970 thrax
705 1945 777 1982 pro
819 1933 955 1970 thraeoe
992 1926 1145 1985 (syc),
1187 1932 1299 1982 epod.
1335 1933 1373 1983 3,
1396 1934 1420 1971 3
1463 1933 1604 1971 allium
1641 1927 1766 1987 (xg),

179 1992 293 2042 epod.
322 1993 388 2043 16,
411 1993 434 2030 6
469 1992 648 2031 allabrox
683 2005 756 2042 pro
796 1992 970 2031 allobrox
1002 1987 1122 2045 (lle),
1167 1992 1280 2043 epod.
1310 1994 1347 2043 9,
1372 1992 1424 2030 17
1459 1992 1587 2031 adhue
1618 1986 1764 2046 (2516),

178 2064 210 2091 0.
229 2052 270 2090 II
291 2053 329 2104 3,
347 2053 400 2091 28
422 2052 578 2102 cymbae
599 2047 649 2105 (λ’
659 2047 724 2106 g);
745 2051 859 2102 epist.
880 2052 922 2090 II
943 2054 981 2104 2,
996 2053 1050 2092 32
1078 2053 1219 2101 opimis
1237 2065 1310 2103 pro
1330 2052 1500 2091 honest-is
1519 2046 1624 2106 (gql
1645 2047 1764 2107 nan).

969 2136 984 2174 l

299 2207 431 2255 Codex
450 2208 476 2259 l,
501 2207 767 2247 bibliothecae
787 2207 972 2258 publicae
991 2208 1198 2247 Leidensis
1220 2210 1274 2247 28
1302 2221 1402 2248 saec.
1424 2208 1558 2261 vnn,
1589 2208 1766 2261 membr.,

180 2268 327 2307 codicis
358 2270 379 2307 λ
418 2268 535 2318 quasi
571 2268 697 2307 frater
733 2280 960 2321 germanus,
1026 2270 1109 2307 133
1147 2268 1339 2308 foliorum
1378 2264 1628 2323 (antiquitus
1670 2271 1765 2321 136,

181 2341 353 2378 quorum
388 2341 494 2366 nunc
531 2327 611 2366 tria
644 2326 729 2377 [fol.
764 2330 833 2368 27.
861 2329 914 2367 38
956 2329 997 2367 et
1030 2325 1135 2379 136]
1175 2323 1356 2383 desunt),
1402 2330 1442 2381 O,
1463 2331 1548 2369 315
1570 2336 1628 2371 ><
1648 2331 1688 2382 O,
1711 2331 1766 2369 20

181 2409 240 2414 -
261 2388 315 2427 23
348 2401 412 2439 m.,
443 2387 486 2426 in
518 2387 688 2440 singulis
720 2387 880 2440 paginis
914 2390 1112 2428 27—33
1144 2388 1355 2428 linearum.

299 2447 452 2486 Fuerat
484 2447 673 2487 ecclesiae
705 2448 946 2487 cathedralis
978 2448 1108 2488 sancti
1132 2448 1246 2488 Petri
1269 2448 1582 2488 Bellouacensis.
1627 2448 1695 2489 fol.
1727 2450 1769 2487 11

182 2526 342 2565 saeculo
374 2525 474 2564 XIII
504 2525 745 2576 inscriptum
775 2527 854 2565 est:
892 2521 962 2566 Sa
983 2506 1055 2575 pet
1084 2528 1329 2566 belvacensis.
1382 2527 1425 2576 Q.
1447 2527 1567 2567 XVI.
1621 2528 1766 2566 Belua-

181 2598 273 2628 cum
304 2585 506 2625 dioceseos
533 2586 740 2626 Remensis
772 2588 870 2638 erat,
902 2587 1288 2638 memorandumque
1314 2588 1375 2626 est
1400 2587 1576 2626 codicem
1601 2587 1645 2639 F,
1675 2589 1766 2625 arta

183 2645 489 2696 propinquitate
516 2658 607 2685 011111
632 2646 647 2684 1
672 2646 868 2698 iunctum,
900 2646 1036 2686 Remis
1061 2647 1276 2686 oriundum
1301 2659 1396 2686 esse.
1447 2646 1657 2685 Bentleius
1682 2646 1766 2685 cod.

183 2705 199 2742 1
229 2705 397 2756 attingit
426 2705 468 2744 in
499 2706 669 2756 praefat.
702 2706 798 2746 Hor.
830 2706 888 2746 ed.
922 2706 1144 2746 Amstelod.
1176 2708 1310 2746 1728:
1344 2703 1546 2744 tAlterum
1578 2706 1766 2756 supparis

187 2762 328 2813 [codici
350 2763 392 2814 δ’]
420 2766 567 2804 aetatis
592 2766 634 2804 in
659 2765 754 2804 bibl.
774 2765 960 2805 Leidensi
986 2765 1214 2805 contulerat
1240 2763 1261 2804 ὅ
1280 2764 1554 2818 κριτικώτατος
1574 2765 1767 2806 Nicolaus

184 2823 376 2863 Heinsius
398 2855 406 2862 .
427 2854 436 2862 .
458 2857 465 2864 .
489 2857 496 2864 .
528 2826 665 2865 uarias
696 2826 888 2865 lectiones
920 2825 1139 2875 descriptas
1170 2838 1294 2864 manu
1325 2825 1494 2877 Heinsii,
1526 2826 1767 2865 coniecturis

186 2896 349 2934 quoque
374 2883 460 2923 eius
485 2884 703 2925 identidem
727 2885 988 2937 interpositis,
1021 2885 1273 2925 disertissimi
1303 2885 1385 2924 uiri
1409 2884 1518 2925 Petri
1543 2886 1767 2925 Burmanni

186 2944 376 2984 comitate
408 2946 552 2984 nactus
584 2942 700 2984 sum’.
