2008 3230
826 150 1114 188 PRAEFATIO.
1290 145 1293 147 Α
1610 151 1763 188 LXXIII

183 265 288 304 Sunt
318 264 418 304 folia
450 267 518 317 64,
555 277 697 305 uersus
730 266 783 304 36
818 265 860 303 in
897 265 1069 316 singulis
1105 264 1277 316 paginis.
1341 263 1532 304 Continet
1564 278 1596 304 c.
1621 265 1642 303 I
1671 267 1707 316 1,
1737 267 1758 304 1

185 324 276 363 -Ι
302 326 376 377 24,
403 326 440 364 6.
472 325 515 364 II
541 326 667 378 8,15
687 325 867 375 —epod
899 325 984 377 fin.,
1017 338 1048 364 c.
1075 337 1117 376 s.,
1149 337 1184 364 a.
1210 338 1262 375 p.‚
1297 337 1325 363 s,
1352 324 1373 362 I
1401 325 1438 376 1,
1468 326 1489 363 1
1513 346 1559 351 —
1579 325 1600 363 I
1627 328 1665 376 9,
1695 326 1761 363 17.

183 385 261 424 Ars
292 385 451 435 poetica
485 387 526 425 et
555 385 598 424 in
634 385 752 425 initio
787 386 829 424 et
858 384 901 423 in
926 385 1004 424 fine
1037 381 1149 424 ‘liber
1171 380 1356 434 poeterie'
1378 385 1630 436 appellatur.
1681 384 1762 424 No-

183 445 308 484 tanda
343 445 508 485 uidetur
543 458 636 484 rara
670 445 790 485 lectio
829 440 920 483 ‘em'
951 458 1023 495 pro
1063 441 1140 484 ‘eu'
1180 458 1215 484 a.
1246 458 1286 495 p.
1314 445 1418 497 328,
1454 445 1561 485 unde
1600 444 1763 483 affinem

183 517 268 544 esse
300 507 470 556 apparet
501 505 677 546 codicem
706 507 726 545 t
756 518 849 545 cum
880 505 994 544 libris
1023 505 1107 545 Bw.

949 620 996 664 ul

305 697 561 749 Singularem
588 698 723 737 locum
748 697 855 736 inter
879 697 1003 736 libros
1029 696 1275 737 Horatianos
1301 698 1413 736 tenet
1437 696 1560 746 stirps
1585 692 1649 735 u':
1683 710 1763 747 quo

185 757 288 809 siglo
320 757 554 797 notauimus
584 757 777 797 lectiones
809 769 1039 797 communes
1071 757 1253 797 codicum
1285 770 1315 795 u
1346 758 1388 796 et
1418 771 1454 796 v.
1511 757 1599 796 Hoc
1630 757 1764 796 arche-

186 818 314 868 typon
344 813 391 856 u'
422 818 504 857 fuit
535 818 673 857 classis
704 818 849 857 tertiae
880 817 1021 857 multis
1053 817 1251 856 secundae
1283 817 1422 856 classis
1454 816 1666 867 scripturis
1696 817 1764 856 ad-

186 877 324 916 mixtis
355 878 396 916 et
426 877 599 928 propriis
631 877 883 918 coniecturis.

956 1000 985 1025 U

299 1082 328 1108 u
348 1086 406 1101 =
426 1070 549 1110 codex
575 1071 783 1111 Parisinus
812 1072 925 1110 7973
954 1083 1055 1110 saec.
1075 1069 1306 1121 VIIII—X,
1339 1070 1467 1121 0,259
1484 1077 1541 1111 ><
1556 1072 1683 1121 0,201
1701 1085 1764 1122 m.,

180 1129 278 1169 olim
315 1130 666 1183 Floriacensis,
710 1130 902 1171 foliorum
943 1131 1017 1181 88,
1061 1143 1256 1170 uersuum
1295 1131 1470 1169 31—33
1510 1130 1552 1168 in
1594 1130 1766 1181 singulis

180 1189 360 1242 paginis,
402 1190 616 1242 adscriptis
656 1191 776 1243 gloss.
807 1191 880 1231 Fi.
941 1189 1040 1229 Fuit
1081 1190 1178 1229 olim
1216 1189 1326 1229 Petri
1364 1189 1547 1229 Danielis
1579 1184 1766 1244 (Daniel)

182 1249 487 1291 Aurelianensis
513 1245 734 1305 (Orleans),
767 1250 838 1302 qui
869 1250 975 1290 uixit
999 1249 1091 1288 inde
1118 1250 1167 1288 ab
1195 1262 1300 1289 anno
1329 1250 1644 1301 1530—16033
1675 1250 1766 1289 fun-

182 1310 357 1361 gebatur
386 1323 550 1350 munere
584 1311 772 1351 aduocati
803 1309 1106 1350 Aurelianensis
1139 1311 1179 1349 et
1211 1306 1341 1348 ‘baini
1376 1309 1423 1349 de
1461 1310 1502 1348 la
1535 1309 1686 1360 justice
1718 1310 1766 1349 de

182 1364 376 1410 Fleuri.'1
436 1370 535 1410 Post
573 1371 658 1410 eius
697 1371 853 1410 obitum
893 1370 973 1409 fuit
1010 1370 1052 1408 in
1090 1369 1347 1409 celeberrima
1384 1369 1630 1410 bibliotheca
1661 1369 1766 1410 Bon-

183 1429 293 1482 garsi
302 1424 329 1481 ²,
366 1431 509 1481 postea
546 1429 589 1469 in
621 1430 863 1471 Colbertina.
926 1430 1110 1480 Scriptus
1148 1431 1287 1469 autem
1325 1431 1413 1469 erat
1442 1430 1618 1469 Floriaci
1657 1430 1766 1481 apud

181 1490 465 1530 Benedictinos
498 1484 667 1544 (Fleury
705 1490 790 1530 siue
829 1490 867 1530 S.
899 1485 1331 1544 Benoist-sur-Loire):
1367 1490 1410 1528 in
1447 1489 1579 1540 prima
1616 1490 1768 1543 pagina

183 1550 301 1602 enim,
333 1551 381 1589 ut
405 1550 534 1590 Dorez
559 1550 771 1603 intellexit,
803 1549 998 1601 Stephani
1022 1549 1182 1589 Baluzii
1207 1563 1332 1589 manu
1357 1550 1599 1590 adnotatum
1625 1551 1686 1590 est
1712 1547 1766 1590 ³8.

183 1606 372 1649 Remist’.
434 1609 552 1650 Anno
589 1612 722 1661 1562,
762 1623 854 1650 cum
886 1609 1102 1650 cardinalis
1135 1609 1239 1650 Odet
1269 1610 1318 1649 de
1351 1609 1525 1662 Goligny
1556 1610 1768 1661 episcopus

184 1670 485 1710 Bellouacensis
508 1665 746 1724 (Beauvais)
760 1670 1077 1710 Floriacensium
1096 1669 1388 1709 monasterium
1406 1672 1602 1720 uastaret,
1621 1670 1768 1710 Petrus

184 1729 330 1769 Daniel
361 1730 471 1770 haud
509 1743 679 1781 paruam
717 1730 902 1770 codicum
938 1743 1063 1769 manu
1095 1730 1338 1781 scriptorum
1376 1730 1534 1781 copiam
1571 1730 1664 1770 inde
1697 1730 1765 1770 ab·

185 1789 311 1828 duxit.
373 1789 701 1842 Francogallicae
733 1790 867 1842 gentis
898 1789 1108 1829 librarium
1138 1803 1168 1829 u
1198 1789 1323 1829 fuisse
1355 1803 1403 1829 ex
1433 1789 1575 1829 multis
1607 1790 1767 1830 indiciis

185 1851 366 1901 apparet,
398 1851 447 1888 ut
478 1863 525 1889 ex
557 1851 757 1901 scriptura
789 1853 960 1899 quantus
990 1863 1062 1900 pro
1096 1852 1235 1889 cantus
1266 1863 1298 1889 c.
1324 1862 1353 1889 s.
1382 1851 1437 1888 22
1471 1851 1512 1889 et
1537 1853 1669 1889 sancto
1695 1864 1767 1900 pro

184 1910 329 1949 xantho
360 1922 390 1948 c.
418 1910 501 1948 IIII
529 1911 567 1959 6,
595 1912 661 1949 26.
726 1910 879 1957 Quibus
911 1909 1066 1949 mendis
1098 1909 1222 1949 etiam
1248 1909 1461 1949 edocemur
1486 1911 1622 1960 partes
1649 1923 1768 1961 quas-

186 1970 278 2008 dam
304 1969 452 2009 codicis
477 1983 506 2008 u
532 1970 720 2009 scribenti
747 1970 920 2010 dictatas
947 1983 1042 2009 esse.
1087 1970 1232 2009 Horati
1260 1983 1382 2020 opera
1407 1970 1449 2008 in
1475 1983 1504 2008 u
1529 1970 1603 2009 hoc
1629 1970 1768 2009 ordine

185 2029 338 2068 tradita
370 2032 482 2068 sunt:
523 2043 660 2082 carm„
700 2031 831 2081 epod.,
869 2043 989 2070 carm.
1022 2042 1141 2081 saec,
1180 2042 1293 2069 serm.
1320 2030 1340 2068 I
1369 2031 1406 2080 1,
1436 2030 1575 2068 1-11
1603 2031 1640 2082 2,
1671 2031 1767 2069 131.

188 2089 286 2129 Inde
318 2102 343 2128 a
375 2102 406 2129 c.
433 2090 495 2129 III
523 2093 544 2128 1
580 2103 709 2141 usque
748 2091 798 2129 ad
829 2090 949 2129 finem
981 2103 1100 2130 carm.
1135 2102 1235 2129 saec.
1268 2102 1419 2129 nouam
1451 2089 1598 2129 codicis
1629 2102 1658 2128 u
1691 2091 1769 2130 col-

186 2149 381 2189 lationem
407 2163 576 2201 eamque
603 2150 953 2202 diligentissimam
980 2150 1077 2190 fecit
1101 2149 1296 2200 nobisque
1322 2149 1611 2189 humanissime
1637 2151 1768 2189 trans-

187 2209 299 2248 misit
338 2209 404 2248 uir
445 2206 701 2250 doctissimus
742 2210 982 2250 Henricus
1019 2205 1242 2261 Lebegue
1277 2209 1505 2260 Parisinus,
1546 2210 1644 2249 item
1675 2210 1768 2249 Lu-

186 2269 390 2309 douicus
427 2270 600 2310 Duvau
638 2269 903 2309 amicissimus
941 2270 1121 2321 Leoque
1161 2270 1312 2309 Dorez
1354 2269 1530 2309 Parisini
1568 2271 1609 2309 et
1645 2270 1767 2309 huius

189 2329 335 2369 codicis
367 2331 408 2368 et
439 2330 612 2370 aliorum
650 2342 816 2369 suorum
846 2330 1040 2369 librorum
1073 2330 1232 2380 aliquot
1268 2330 1394 2381 locos,
1433 2329 1562 2369 sicubi
1601 2330 1768 2380 quidam

189 2390 402 2440 scrupulus
433 2390 630 2442 restabat,
661 2390 880 2430 identidem
911 2390 1169 2441 inspicientes
1200 2389 1334 2442 gratia
1359 2402 1432 2429 nos
1458 2389 1662 2429 deuincire
1688 2403 1768 2429 non

189 2448 452 2489 destiterunt:
498 2463 670 2500 quorum
710 2450 892 2489 uirorum
936 2450 1178 2489 facilitatem
1221 2450 1536 2500 comitatemque
1580 2449 1768 2500 plurimis

187 2509 405 2561 philologis
430 2510 581 2560 optime
606 2512 745 2549 notam
770 2524 850 2550 non
876 2512 938 2550 est
961 2510 1069 2561 quod
1093 2510 1158 2549 hic
1184 2509 1324 2549 multis
1348 2509 1484 2549 uerbis
1510 2509 1766 2549 celebremus.

188 2569 474 2609 Intercesserat
498 2570 704 2609 Michael
728 2566 889 2622 Breal,
920 2570 987 2609 uir
1010 2569 1270 2622 clarissimus,
1303 2582 1478 2620 quocum
1503 2569 1585 2608 iam
1612 2569 1765 2608 dudum

189 2628 310 2667 fidam
340 2629 533 2669 habemus
564 2630 895 2669 familiaritatem.

314 2730 326 2750 ¹
350 2731 414 2767 fol.
437 2735 473 2766 1r
496 2731 653 2778 legitur:
682 2732 763 2768 ‘Ex
789 2733 871 2768 libb.
895 2733 998 2768 Petri
1022 2732 1196 2767 Danielis
1222 2730 1372 2775 Aurelii
1393 2729 1503 2766 1564’
1534 2731 1572 2766 et
1597 2730 1660 2766 fol.
1683 2735 1767 2768 88V:

194 2777 312 2814 ‘Petri
336 2779 510 2815 Danielis
534 2780 683 2825 Awrelij
708 2780 833 2816 1564'.

314 2825 328 2845 ²
352 2825 397 2862 cf.
424 2838 568 2873 voyage
593 2827 779 2863 litteraire
806 2828 852 2863 de
878 2827 975 2862 deux
1001 2826 1185 2872 religieux
1210 2824 1453 2861 Benedictins
1480 2825 1526 2861 de
1546 2825 1586 2860 la
1606 2825 1767 2873 Congre-

192 2872 324 2920 gation
350 2873 397 2908 de
424 2873 458 2909 S.
479 2875 599 2919 Maur,
625 2875 730 2910 Paris
759 2879 850 2911 1717
878 2875 895 2910 Ι
919 2887 954 2920 p.
977 2878 1038 2910 66:
1066 2875 1174 2920 apre's
1198 2885 1240 2910 sa
1265 2877 1358 2909 mort
1375 2884 1430 2909 ses
1454 2873 1620 2910 he'ritiers
1643 2876 1767 2910 rendi-

191 2926 272 2958 renl
306 2922 355 2957 les
387 2933 468 2958 mss.
502 2935 526 2957 a
556 2924 740 2959 monsieur
771 2924 887 2959 Petav
920 2923 1108 2959 conseiller
1138 2933 1190 2958 au
1218 2922 1423 2968 parlement
1453 2922 1496 2957 de
1522 2922 1646 2967 Paris,
1681 2927 1715 2959 et
1745 2935 1770 2959 a

192 2970 376 3006 monsieur
400 2970 614 3017 Bonyhard.
