2008 3230
263 129 396 165 LXXH
903 129 1189 166 PRAEFATIO.

265 243 442 291 quoqaite
479 236 578 296 (fv).
634 255 663 283 s.
690 243 730 281 H
757 244 800 294 2,
829 244 882 282 57
916 245 1188 292 quinqaewnas
1224 237 1324 298 (fu).
1383 256 1411 283 s.
1437 244 1457 281 I
1490 245 1533 295 6,
1560 245 1615 283 42
1646 245 1834 293 plaustra

267 297 385 356 (fu').
441 315 469 342 s.
496 303 538 340 II
566 304 603 354 2,
632 305 683 342 99
719 314 785 341 aes
816 316 887 353 pro
920 315 965 342 as
997 298 1037 355 (f
1064 315 1169 343 cons,
1201 297 1262 357 u).
1312 315 1341 342 s.
1367 303 1408 341 II
1436 305 1473 354 2,
1502 304 1585 342 118
1618 307 1659 343 at
1687 317 1760 354 pro
1789 315 1836 344 ac

268 356 368 414 (fu).
430 362 473 401 f2
513 362 711 402 consentit
755 375 846 401 cum
889 376 928 402 v·
958 362 1070 412 epod.
1100 363 1172 414 16,
1200 364 1244 401 6:
1289 361 1504 413 allobro[s]
1540 363 1561 401 f
1600 360 1768 403 allobros
1798 377 1835 404 v.

267 421 351 462 Fol.
380 422 422 461 3r
452 421 494 460 in
526 422 546 459 f
573 422 768 472 scriptum
800 423 860 461 est
894 419 984 462 Ant.
1016 421 1211 461 Molinias
1229 418 1288 474 [sss

1037 541 1065 579 h

387 612 446 650 De
473 611 606 651 codiee
626 612 653 650 h
673 611 838 663 eiusque
864 624 956 651 oum
975 612 1108 652 codice
1127 628 1151 665 y
1176 613 1468 653 necessitudine
1486 614 1568 653 iam
1588 627 1720 667 supra,
1747 627 1839 654 cum

268 671 316 710 de
348 671 478 721 prima
508 672 634 711 classe
665 672 931 723 loqueremur,
963 672 1235 711 disseruimus.
1290 672 1466 713 Affinem
1496 673 1620 714 fuisse
1646 674 1837 725 quodam-

267 731 383 770 modo
425 731 603 770 familiae
640 727 687 770 u'
718 731 989 782 compluribus
1029 732 1268 771 lectionibus
1309 733 1510 772 euincitur
1546 735 1593 772 ut
1625 746 1660 772 a.
1686 747 1723 784 p.
1751 734 1837 773 304

268 791 335 829 sed
367 802 431 839 eqo
456 791 483 828 h
513 803 585 840 pro
619 802 727 841 er90‚·
759 803 823 840 090
848 791 916 830 sed
939 786 996 830 u'.
1048 804 1077 830 s.
1102 791 1143 830 Π
1171 793 1208 843 7,
1231 793 1284 830 14
1316 794 1534 832 uortmwnis
1581 787 1672 847 hv).
1723 793 1838 843 epist.

266 850 286 888 I
316 852 352 901 1,
380 851 434 888 24
463 851 645 899 ynauiter
676 844 785 904 (hv).
835 850 948 901 epod.
978 852 1043 902 14,
1066 852 1090 889 3
1122 852 1242 890 aelati
1272 864 1343 901 pro
1368 855 1413 890 ut
1435 853 1471 890 si
1496 846 1573 905 (hv
1597 883 1604 891 .
1655 852 1771 903 epist.
1796 851 1839 891 H

270 911 307 960 2,
331 910 416 948 170
442 911 565 948 assita
588 922 660 959 pro
687 911 817 949 adsita
839 904 949 964 (hv).
999 910 1114 960 epist.
1134 909 1175 948 H
1197 911 1234 962 1,
1249 911 1304 949 48
1331 912 1385 950 ad
1408 924 1481 961 pro
1501 913 1545 951 in
1584 905 1675 964 hv).
1725 911 1838 962 epist.

267 969 309 1006 II
332 971 368 1019 1,
391 969 473 1006 167
500 970 543 1007 in
568 966 721 1017 scriptis
747 963 857 1022 (hv).
908 981 1025 1008 carm.
1046 970 1066 1007 Ι
1089 970 1141 1008 12
1169 969 1211 1008 111
1235 970 1366 1020 prima
1392 970 1556 1020 stropha
1574 971 1601 1009 h
1626 971 1726 1011 facit
1747 983 1838 1011 cum

270 1028 395 1066 classe
426 1027 568 1079 prima,
600 1028 641 1066 in
674 1028 933 1078 sequentibus
965 1041 1056 1068 cum
1087 1023 1134 1067 u'
1159 1030 1200 1068 et
1230 1029 1272 1068 b:
1303 1029 1378 1069 hoc
1410 1030 1572 1081 quidem
1597 1030 1696 1070 mihi
1726 1032 1840 1070 nota-

269 1086 380 1126 tione
411 1087 576 1126 uidetur
605 1087 897 1140 dignissimum.

389 1254 500 1292 Inter
544 1253 715 1304 primam
759 1254 926 1293 classem
966 1256 1007 1293 et
1050 1255 1214 1294 tertiam
1256 1256 1451 1295 fluctuare
1494 1256 1681 1296 uidemus
1721 1256 1843 1296 etiam

271 1314 354 1353 cod.
387 1327 430 1364 p3
474 1313 539 1351 hic
583 1313 667 1352 illic
710 1314 923 1364 utriusque
967 1314 1105 1353 classis
1146 1315 1338 1354 lectiones
1375 1315 1417 1353 in
1454 1316 1528 1355 hoo
1565 1316 1667 1356 libro
1704 1315 1843 1368 legun-

270 1376 355 1424 tur,
398 1385 480 1411 una
518 1373 559 1410 in
596 1373 684 1423 ipso
722 1374 930 1425 contextu,
972 1373 1101 1413 altera
1142 1386 1263 1425 supra
1297 1387 1460 1414 uersum
1497 1375 1647 1427 posita,
1686 1377 1736 1414 ut
1765 1388 1798 1415 c.
1822 1375 1844 1415 Ι

275 1433 346 1483 18,
375 1433 399 1470 5
433 1435 564 1481 crepat
592 1446 619 1483 p
650 1432 692 1470 in
724 1433 930 1484 contextu,
967 1434 1143 1482 increpat
1172 1447 1198 1484 p
1230 1446 1316 1473 uar.
1438 1433 1531 1474 Cod.
1563 1448 1590 1485 p
1627 1436 1688 1475 est
1717 1435 1843 1475 Paris.

274 1505 388 1542 8214
421 1503 547 1542 nitide
580 1503 752 1554 scriptus
785 1490 961 1543 5110οἶ1
987 1504 1083 1543 olim
1115 1503 1368 1544 Colbertinus
1401 1506 1528 1546 4104.
1576 1505 1692 1546 Picta
1717 1506 1844 1546 estin

272 1564 347 1602 hoc
366 1563 467 1602 libro
486 1563 616 1615 figura
635 1563 777 1601 militis
794 1564 942 1602 saeculi
955 1563 1167 1616 undecimi,
1189 1565 1237 1604 cf.
1251 1564 1626 1618 Hefner-Alteneck,
1646 1565 1846 1606 Trachten

273 1634 341 1673 des
373 1633 523 1673 chrisa.
550 1634 808 1673 Mittelalters
838 1621 863 1672 i
889 1634 971 1673 tab.
1000 1636 1067 1674 33.
1097 1637 1163 1675 65.
1193 1637 1259 1687 12,
1291 1636 1474 1686 inprimis
1507 1637 1586 1676 tab.
1615 1637 1681 1677 65.
1744 1637 1845 1678 eon-

271 1695 426 1745 gruunt
462 1706 553 1733 cum
591 1693 662 1732 illa
699 1693 860 1744 pictura
898 1694 1025 1734 uestis
1064 1707 1255 1746 armaque
1286 1695 1429 1734 militis
1466 1696 1674 1736 cuiusdam
1707 1697 1847 1747 qualia

271 1753 314 1791 in
346 1753 491 1792 celebri
523 1766 641 1803 opere
672 1753 850 1792 musaico
884 1753 1125 1793 Gereonensi
1158 1749 1217 1808 (S.
1245 1750 1419 1808 Gereon)
1452 1756 1560 1805 apud
1589 1755 1844 1796 Colonienses
1914 1797 1916 1799 ,

272 1825 457 1862 expressa
489 1814 594 1864 sunt,
625 1812 719 1852 uide
752 1825 867 1851 ausm
891 1813 1045 1864 Werth,
1076 1813 1314 1852 Festschrift
1339 1814 1406 1853 des
1426 1814 1593 1854 Vereins
1618 1814 1688 1854 der
1712 1815 1843 1856 Alter-

272 1872 575 1911 thumsfreunde
607 1872 662 1910 im
694 1872 941 1911 Rheinlande
975 1870 1172 1924 1872s73
1204 1873 1286 1913 tab.
1312 1873 1332 1911 Ι
1362 1887 1420 1913 nr.
1450 1875 1505 1913 10
1538 1876 1579 1914 et
1609 1876 1707 1915 text.
1738 1888 1776 1925 p.
1806 1876 1843 1915 7.

272 1932 485 1970 Praeterea
510 1932 558 1970 cf.
579 1931 722 1981 Weiss,
753 1931 1059 1970 Kostumkunde
1086 1931 1153 1971 des
1179 1933 1436 1972 Mittelalters
1467 1947 1504 1984 p.
1534 1934 1631 1973 522.
1658 1935 1743 1973 628
1759 1947 1843 1986 sqq.

390 2005 416 2040 p
449 1994 510 2029 est
541 1991 625 2029 cod.
657 1990 872 2029 membran.
905 1991 1033 2042 O,232
1054 1997 1112 2032 ><
1132 1993 1260 2043 0,148
1280 2006 1349 2044 m.,
1389 1993 1580 2032 foliorum
1613 1995 1716 2046 129,
1754 2007 1843 2034 uer·
1922 2011 1928 2015 -

274 2063 392 2089 suum
425 2051 479 2088 34
512 2050 554 2088 in
586 2049 755 2100 singulis
786 2049 994 2105 columnis
1043 2050 1261 2090 Nonnullis
1291 2051 1390 2090 locis
1419 2052 1541 2092 huius
1573 2053 1720 2092 codicis
1751 2066 1844 2093 auc-

273 2109 438 2148 toritate
476 2109 539 2147 uti
574 2108 669 2147 licet
706 2108 757 2147 ad
788 2107 1077 2148 confirmandas
1119 2113 1191 2149 aut
1226 2111 1378 2161 primae
1417 2114 1489 2151 aut
1526 2112 1670 2151 tertiae
1708 2113 1846 2152 classis

274 2168 482 2218 lectiones;
516 2181 596 2218 qua
628 2167 675 2206 de
707 2180 829 2206 causa
855 2169 896 2207 et
920 2168 962 2206 in
988 2169 1232 2209 editionibus
1258 2170 1405 2210 nostris
1431 2173 1472 2210 et
1496 2171 1538 2210 in
1559 2171 1844 2224 epilegomenis

275 2227 519 2278 aliquotiens
562 2227 647 2266 eius
687 2227 855 2266 fecimus
895 2228 1150 2270 mentionem.
1212 2230 1378 2270 Praeter
1413 2231 1545 2269 multa
1581 2231 1696 2283 folia,
1741 2245 1846 2282 quae

275 2287 406 2326 excisa
438 2288 549 2338 sunt,
589 2286 672 2326 cod.
703 2300 730 2337 p
762 2287 996 2326 uniuersum
1035 2289 1214 2328 continet
1243 2289 1461 2329 Horatium
1491 2291 1566 2330 hoc
1599 2291 1744 2332 ordine⁴
1767 2291 1845 2331 dis-

275 2346 470 2397 positum:
509 2359 639 2397 carm,
672 2346 796 2397 epod,
829 2359 858 2386 o.
887 2359 928 2398 5.,
961 2360 995 2386 a.
1027 2360 1076 2399 p.,
1115 2349 1242 2400 epist,
1274 2361 1401 2401 serm„
1432 2349 1529 2388 item
1561 2350 1712 2390 scholia
1741 2363 1844 2389 mar-

277 2405 430 2457 ginalia
461 2407 502 2444 et
533 2406 686 2456 glossas
723 2405 1035 2457 interlinearias,
1074 2408 1363 2458 expositionem
1401 2409 1608 2448 metricam
1643 2410 1684 2448 et
1713 2409 1845 2449 uitam

276 2465 420 2503 Horati
460 2464 758 2504 Suetonianam.
828 2465 912 2503 Fol.
940 2466 1018 2503 83r
1047 2467 1166 2506 rubro
1208 2468 1338 2506 colore
1380 2468 1573 2517 seriptum
1614 2470 1694 2507 est:
1738 2467 1844 2508 Orac

256 2524 414 2563 >Flacci
446 2525 583 2572 eplam
613 2525 675 2562 lib.
707 2524 770 2562 II.
804 2527 900 2573 expt.
953 2522 1069 2573 Incifo
1099 2527 1278 2573 [ermom]
1309 2523 1401 2565 libf‘
1449 2527 1560 2565 Infra
1591 2527 1706 2578 nigro
1738 2529 1844 2567 atra-

278 2596 413 2634 mento
446 2607 470 2633 a
500 2607 625 2634 manu
656 2596 805 2634 saeculi
830 2595 887 2634 XI
917 2596 985 2635 uel
1013 2583 1097 2635 {TI
1125 2597 1222 2636 haec
1252 2597 1377 2636 uerba
1408 2597 1546 2636 addita
1578 2599 1689 2637 sunt:
1725 2595 1845 2639 ‘Peme

278 2655 390 2693 tertia
419 2666 522 2702 pars
559 2655 626 2693 dee
658 2655 702 2693 in
737 2655 806 2694 hoc
837 2651 958 2694 libro?
1023 2655 1115 2696 Cod.
1146 2670 1172 2706 p
1204 2656 1382 2696 eontinet
1420 2657 1543 2696 etiam
1580 2658 1756 2698 auctoris
1793 2659 1845 2699 ad

278 2714 524 2752 Herennium
556 2714 704 2752 librum
734 2714 765 2752 I.

1052 2775 1073 2815 t

397 2843 500 2881 Item
532 2843 636 2883 inter
665 2845 837 2895 primam
868 2846 1051 2908 classeg
1067 2847 1108 2885 et
1137 2846 1300 2885 tertiam
1330 2847 1502 2886 fluctuat
1533 2848 1616 2888 cod.
1644 2851 1661 2887 t
1687 2866 1742 2880 =
1768 2850 1844 2889 Pa-

277 2914 426 2953 risinus
451 2915 667 2955 membran.
689 2916 803 2956 8219
832 2929 932 2956 saec.
952 2917 1241 2972 ΧΠΙ-ΧΠΙΙ,
1267 2918 1362 2956 olim
1381 2917 1579 2959 Ludouici
1604 2920 1652 2960 de
1672 2921 1845 2973 Targny.
