2008 3230
826 146 1114 183 PRAEFATIO.
1651 146 1768 183 LXIII

176 265 354 316 uiliores,
385 263 536 314 partim
568 261 866 302 memorabiles:
896 263 946 300 ut
972 260 1085 311 epod.
1116 262 1153 306 1,
1181 260 1206 299 3
1232 272 1305 310 pro
1339 260 1512 299 caesaris
1536 259 1602 299 R2
1635 273 1765 300 emen-

174 324 291 364 dauit
327 325 502 368 caesari,
544 321 652 373 quod
693 321 856 372 quidem
897 322 1036 360 nostra
1080 321 1213 359 aetate
1255 319 1514 359 coniecerunt
1556 319 1686 359 Bothe
1725 322 1766 359 et

174 384 425 434 Peerlkamp.
483 382 589 429 Quid
615 381 722 432 quod
752 381 875 423 etiam
903 380 1048 419 tertiae
1074 392 1219 419 manus
1245 379 1581 430 deprehendimus
1613 392 1765 419 correc-

173 446 298 496 turas,
335 445 385 482 ut
415 455 447 482 c.
473 442 537 480 ΙΙΙ
565 444 602 493 7,
629 442 684 479 23
718 441 904 490 enipheus
942 440 1017 479 R3.
1051 453 1087 479 a.
1112 454 1151 491 p.
1180 441 1264 478 114
1297 440 1412 478 diuos
1449 439 1514 478 Rl
1548 440 1675 478 dauos
1699 439 1763 478 R2

173 505 304 543 danus
327 503 403 542 Ra.
466 501 554 541 Hae
587 502 839 540 correcturae
871 513 919 539 ex
950 500 1075 550 stirpe
1106 495 1154 538 u'
1185 499 1385 551 originem
1416 499 1582 539 ducunt.

292 562 546 612 Ubicumque
578 561 727 612 prima,
764 560 870 599 idest
901 559 1029 610 ipsius
1062 559 1273 599 scribentis
1312 571 1457 598 manus
1489 558 1646 610 aliquid
1678 572 1764 598 cor-

172 622 288 675 rexit,
321 635 369 661 ea
399 620 626 661 emendatio
658 633 797 660 ueram
836 619 1051 659 lectionem
1082 619 1206 659 fontis
1244 619 1393 658 codicis
1424 619 1460 657 R
1486 613 1573 673 (R')
1605 632 1763 670 reprae-

174 684 325 735 sentat,
365 682 460 720 uide
497 680 653 732 Epileg.
687 680 739 719 ad
771 680 885 731 epist.
919 679 939 717 Ι
970 678 1035 731 17,
1068 681 1135 719 31.
1197 678 1458 731 Aliquotiens
1499 691 1615 730 uero,
1659 691 1763 729 quae

173 743 304 794 prima
340 741 466 781 fuerit
502 740 639 792 lectio,
683 740 754 779 uix
789 741 925 791 potest
968 739 1164 790 indagari.
1226 738 1447 778 Arehaicas
1490 738 1641 778 formas
1681 739 1764 777 fere

175 802 327 854 ubique
359 803 433 840 aut
458 812 592 840 erasas
623 801 696 839 aut
726 800 806 839 alio
833 799 950 839 modo
977 799 1109 838 medio
1135 811 1238 838 aeuo
1265 798 1453 838 uidemus
1486 810 1571 837 esse
1598 798 1762 838 deletas.

293 862 443 900 Mirum
475 862 676 911 quantum
706 860 769 899 Rl
803 859 1078 899 uetustiorum
1109 859 1332 898 formarum
1362 871 1577 897 numerum
1610 859 1761 908 optime

175 921 451 962 conseruauit:
498 932 654 965 aruom,
695 921 861 968 alioqui,
900 921 1095 968 apsumet‚
1137 930 1298 968 aequos,
1341 930 1523 967 aequom,
1567 919 1760 963 bracchia,

171 982 290 1027 cnidi,
323 981 489 1025 cnidius,
521 981 655 1025 cnosii,
688 981 858 1026 cumbae,
892 990 1048 1024 coerces,
1081 981 1298 1028 conopium,
1331 979 1495 1023 deciens,
1528 979 1633 1024 dero,
1666 979 1759 1023 dest,

171 1042 398 1090 dissupare,
439 1040 658 1083 delmatico,
703 1037 834 1085 diuds,
877 1036 1067 1090 <e>qu53‚
1105 1039 1285 1087 faenore,
1324 1039 1572 1087 faenerator,
1614 1035 1760 1086 fuluo‘s,

168 1101 341 1150 qlaebas,
371 1099 528 1143 hadria,
559 1100 716 1144 inritat,
748 1101 908 1144 intumo,
941 1095 1170 1150 l<a>euom,
1204 1099 1368 1142 larisae,
1401 1098 1644 1143 lacrumosa,
1676 1098 1760 1144 leto,

171 1155 430 1211 mesall<a>e,
461 1161 646 1204 nanctae,
681 1162 866 1204 nanctus,
905 1158 1120 1207 necleqens,
1151 1159 1324 1203 neclecti,
1362 1155 1524 1203 neruo‘s,
1557 1158 1761 1206 obliquom,

172 1223 337 1269 optume,
369 1219 564 1268 opstrepit,
596 1221 777 1268 opstaret,
810 1220 949 1267 opstat,
975 1219 1160 1267 paenitet,
1185 1218 1408 1267 paeliqnas,
1434 1218 1638 1266 paelicem,
1664 1230 1762 1266 pae-

172 1281 253 1326 lice,
280 1280 449 1329 pompei,
472 1280 674 1327 porsinae,
702 1279 907 1327 perierati,
931 1289 1153 1327 praeqnas,
1177 1279 1331 1326 pinnis,
1357 1279 1504 1325 postos,
1537 1280 1761 1326 querqueta,

172 1340 375 1389 querellas,
406 1335 528 1384 riuo‘s,
558 1340 698 1384 riuom,
729 1350 905 1384 scaenae,
937 1335 1083 1382 serub‘s,
1115 1338 1281 1383 saeculo,
1308 1338 1492 1386 scorpi08,
1525 1339 1761 1383 tricensima,

170 1400 372 1449 ueryilius,
404 1399 624 1447 uerqilium,
656 1400 809 1447 uerqili,
834 1410 959 1443 umor,
990 1409 1162 1449 umerus,
1187 1398 1314 1443 uoltis,
1346 1397 1515 1436 uoluere.
1587 1397 1760 1442 Veniast,

170 1461 331 1505 ultrast,
369 1460 526 1503 uenast,
558 1459 835 1507 periculumst,
866 1458 1056 1507 puellast,
1094 1458 1295 1506 falernist,
1322 1458 1580 1502 ,mendosash
1620 1458 1760 1503 benest.

171 1522 284 1565 mest,
318 1521 500 1558 temerest.
562 1516 707 1563 Auris,
746 1519 941 1567 aequalis,
974 1518 1164 1563 absentis,
1197 1518 1345 1563 breuis,
1384 1518 1524 1562 crinis,
1557 1520 1760 1563 cessantis,

173 1581 378 1624 dementis,
410 1579 569 1626 ferocis,
606 1579 810 1627 fulqentis,
848 1579 988 1627 febris,
1025 1578 1162 1626 fustis,
1199 1579 1322 1627 mnis,
1360 1578 1546 1626 insignis,
1577 1579 1762 1626 imparis,

172 1640 323 1685 imbris,
356 1639 538 1683 labantis',
569 1639 710 1683 mollis,
741 1638 1009 1682 nouendiali&
1041 1638 1241 1683 obstantis,
1274 1642 1412 1682 onmis,
1445 1642 1551 1682 ouis,
1576 1640 1760 1686 potentis,

167 1702 313 1749 partis,
338 1698 561 1747 popularis,
586 1698 733 1746 pluris,
764 1699 991 1742 renidentis,
1023 1698 1212 1742 rudentis,
1245 1699 1376 1747 syrtis,
1402 1698 1567 1743 stabilis,
1598 1703 1762 1749 Securis,

173 1759 351 1804 trabalis,
377 1761 512 1802 turris,
538 1758 718 1803 timentis,
745 1759 868 1806 tiqris,
894 1758 1049 1802 uelocis,
1075 1758 1189 1802 uiris,
1215 1758 1322 1802 uitis,
1349 1756 1443 1797 alia.
1503 1757 1592 1796 Hae
1625 1771 1762 1797 omnes

173 1819 325 1858 formae
369 1817 546 1868 optimae
584 1829 676 1857 cum
717 1818 858 1857 multis
900 1817 991 1856 aliis
1028 1817 1211 1868 integrae
1252 1817 1420 1856 fuerunt
1463 1816 1506 1856 in
1544 1818 1762 1868 exemplari

175 1879 326 1919 ordinis
366 1878 421 1929 R,
462 1889 598 1917 omnes
638 1878 814 1917 traditae
859 1879 955 1916 sunt
994 1877 1038 1915 in
1077 1877 1154 1916 R1.
1226 1876 1284 1915 At
1326 1876 1596 1916 inueniuntur
1637 1877 1762 1916 etiam

175 1939 310 1990 dubia,
345 1940 393 1977 ut
423 1938 739 1990 rutundioribus,
770 1941 980 1982 retrosum,
1012 1938 1281 1983 sinistrosum,
1306 1948 1472 1985 prosus,
1504 1949 1626 1983 mers,
1659 1938 1760 1983 lans,

167 2001 263 2048 pate
284 1999 384 2047 fecit,
410 1998 526 2043 ilcari,
552 1998 703 2043 ikariis,
730 1999 868 2043 inbuit,
894 1998 1092 2046 felicioris
1119 1997 1336 2046 quodquod,
1360 1998 1513 2046 qiqans,
1541 1997 1761 2043 laumedon,

174 2059 402 2103 luctuossae,
434 2058 632 2106 famossis,
663 2070 794 2103 noum,
826 2060 977 2107 urquet,
1009 2069 1165 2106 uvrques,
1191 2057 1450 2106 karthayinis,
1477 2057 1582 2102 kare,
1616 2059 1763 2105 quincti

177 2114 314 2173 (epist.
339 2118 359 2156 I
388 2118 454 2169 16,
483 2112 539 2171 1),
564 2121 879 2166 permunxerwnt
908 2131 980 2168 pro
1005 2119 1318 2166 perminxerunt,
1353 2119 1591 2156 cxcussatus.

294 2178 480 2217 Profecto
512 2178 564 2229 is,
603 2178 669 2216 cui
707 2178 855 2217 codicis
888 2178 922 2216 R
958 2177 1136 2217 recensio
1169 2177 1355 2229 debetur,
1393 2178 1580 2216 uetustas
1612 2177 1762 2217 formas

176 2250 429 2288 summopere
467 2237 630 2276 curauit
666 2238 855 2290 tuendas;
893 2238 1046 2277 multae
1084 2238 1236 2276 formae
1273 2238 1323 2276 ut
1359 2237 1548 2288 rariores,
1588 2237 1648 2276 ita
1679 2238 1761 2276 Ho-

174 2299 333 2337 ratiano
376 2310 477 2336 aeuo
516 2310 716 2349 congruae
756 2298 843 2337 sola
879 2298 1007 2348 ipsius
1045 2310 1166 2348 opera
1203 2297 1359 2336 factum
1399 2299 1460 2336 est
1500 2299 1550 2337 ut
1596 2297 1648 2336 ad
1688 2310 1760 2337 nos

174 2357 445 2409 peruenirent.

297 2418 412 2457 Aliae
445 2430 606 2468 quoque
633 2418 833 2468 quaedam
857 2430 932 2470 res,
966 2431 1070 2468 quae
1103 2416 1155 2456 ad
1180 2416 1502 2469 morphologiam
1527 2417 1594 2456 uel
1627 2417 1761 2457 ortho-

176 2477 387 2530 graphiam
428 2477 592 2516 minime
633 2478 855 2531 pertinent,
903 2478 1049 2530 dignae
1091 2478 1187 2517 sunt
1235 2489 1340 2528 quae
1382 2479 1672 2529 memorentur,
1713 2480 1761 2516 ut

174 2539 310 2577 nireus
341 2550 372 2577 c.
398 2537 461 2576 III
488 2539 555 2590 20,
585 2538 651 2576 15.
682 2540 798 2577 nirea
829 2538 942 2589 epod.
974 2539 1040 2590 15,
1069 2539 1136 2576 22.
1198 2537 1303 2576 Item
1329 2549 1443 2576 serm.
1468 2537 1488 2575 I
1514 2539 1554 2589 4,
1581 2538 1634 2576 39
1662 2550 1761 2576 uera

175 2598 294 2637 lectio
320 2599 447 2646 poetis
477 2597 519 2636 in
551 2598 646 2637 solis
676 2598 740 2637 Rl
774 2600 816 2637 et
846 2598 937 2638 Acr.
963 2613 988 2638 ν
1021 2600 1132 2637 extat
1164 2599 1205 2636 et
1236 2597 1350 2648 epod.
1380 2599 1447 2650 17,
1475 2598 1530 2635 42
1563 2599 1687 2636 uicem
1717 2597 1761 2635 in

176 2658 272 2697 solis
303 2657 469 2697 RMAc.

295 2717 487 2756 Recensio
524 2717 560 2756 R
598 2717 741 2757 similis
778 2718 904 2757 fuisse
947 2717 1114 2756 uidetur
1149 2717 1229 2768 illi,
1270 2729 1317 2756 ex
1357 2729 1438 2767 qua
1477 2716 1560 2754 iam
1602 2715 1760 2756 Nonius

180 2776 331 2816 ueteris
357 2778 550 2816 sermonis
575 2778 758 2828 exempla
783 2778 938 2816 hausit:
971 2790 1002 2816 c.
1027 2777 1048 2815 I
1077 2777 1142 2828 18,
1171 2777 1195 2814 5
1221 2777 1397 2815 milinem
1421 2777 1484 2815 Rl
1519 2778 1559 2815 et
1589 2775 1758 2816 Nonius.

300 2836 416 2875 Iusta
456 2837 606 2876 ordinis
642 2837 796 2876 indoles
832 2837 876 2876 in
916 2837 1050 2877 codice
1086 2836 1123 2875 R
1159 2849 1205 2875 eo
1246 2838 1438 2886 corrupta
1477 2837 1554 2888 est,
1596 2837 1705 2886 quod
1736 2850 1759 2875 a

180 2896 316 2936 codice
350 2896 523 2947 quodam
555 2896 856 2949 antiquissimo,
894 2897 966 2948 qui
995 2895 1098 2935 libro
1130 2891 1186 2934 A'
1215 2896 1258 2934 in
1289 2895 1475 2946 epistulis
1503 2896 1758 2946 potissimum

185 2956 319 2997 affinis
352 2957 450 3007 erat,
481 2957 704 3006 permultas
728 2957 849 3007 primi
881 2956 1031 2996 ordinis
1061 2955 1252 2995 lectiones
1275 2957 1489 2996 mutuatus
1520 2958 1593 3007 est,
1624 2956 1682 2995 ita
1714 2959 1763 2995 ut
