2008 3230
291 135 427 171 XXXII
934 129 1218 169 PRAEFATIO.

288 247 629 297 subscriptionem.
680 244 831 292 Quodsi
856 255 1053 283 summam
1079 243 1316 293 spectamus,
1348 239 1493 279 codicis
1519 253 1546 291 g
1571 239 1683 290 origo
1708 239 1751 277 in
1775 247 1861 278 car-

288 307 462 346 minibus
494 307 535 345 et
565 304 701 355 epodis
732 303 948 354 repetenda
974 304 1034 341 est
1060 315 1084 340 a
1110 301 1232 351 stirpe
1258 296 1308 351 α’,
1341 299 1409 338 sed
1434 299 1468 337 is
1493 299 1595 338 liber
1619 298 1860 350 originarius

289 368 329 405 et
359 365 638 405 Mauortianae
677 364 814 402 classis
853 364 894 401 et
924 361 1044 412 primi
1076 359 1225 400 ordinis
1257 359 1382 398 uariis
1413 357 1651 398 lectionibus
1682 357 1746 396 hic
1777 356 1862 396 illic

290 426 508 465 adnotatus
540 426 637 464 crat.
699 422 939 462 Praesertim
970 421 1012 459 in
1038 421 1183 471 quarto
1210 419 1431 458 carminum
1461 417 1563 457 libro
1592 419 1634 456 et
1657 417 1700 455 in
1725 416 1862 467 epodis

289 498 316 535 g
347 485 401 523 ad
432 483 718 523 construendas
749 481 941 520 Mauortii
971 480 1162 519 lectiones
1193 478 1379 518 adhibere
1410 477 1522 529 licet,
1553 489 1645 516 cum
1675 476 1727 515 ad
1761 475 1863 516 alias

293 547 379 582 tum
410 544 462 582 ad
491 543 563 581 has
594 538 663 595 (cf.
694 541 917 592 Epilegom.
949 554 987 590 p.
1014 541 1097 579 786
1120 534 1242 591 sqq.):
1276 551 1306 577 c.
1332 537 1352 576 I
1374 539 1411 589 7,
1436 539 1486 576 15
1522 538 1562 575 et
1593 536 1706 587 epod.
1734 537 1772 585 2,
1789 535 1863 574 23:

292 603 389 642 noui
407 602 595 642 carminis
614 601 794 651 initium,
820 613 851 639 c.
870 600 912 638 II
930 601 994 650 13,
1017 601 1070 638 28
1092 597 1295 637 distinctio
1315 596 1583 647 Mauortiana,
1610 596 1708 635 item
1730 607 1762 634 c.
1779 594 1864 634 IIII

292 664 330 714 4,
359 664 433 713 293
477 674 508 700 c.
534 661 618 699 IIII
644 663 683 712 4,
705 662 758 700 65
790 671 963 705 mersus;
1007 671 1036 697 c.
1069 658 1152 696 ΠΠ
1172 660 1210 708 8,
1231 659 1286 696 34
1319 657 1454 702 duxit;
1497 668 1527 695 c.
1561 655 1644 694 IIII
1671 656 1738 706 10,
1759 655 1782 693 6
1821 655 1866 692 in

290 722 464 770 speculo,·
501 734 531 760 c.
563 720 646 759 IIII
673 721 740 771 13,
762 720 816 758 14
855 719 974 765 clari,·
1010 717 1122 768 epod.
1151 719 1188 768 5,
1209 719 1234 756 3
1268 718 1358 763 aut,·
1395 715 1508 766 epod.
1542 716 1654 766 5,15
1693 715 1867 762 dumata,-

292 781 402 831 epod.
441 781 552 832 7,15
592 781 705 818 albus
741 791 812 817 ora
841 779 997 827 pallein·
1046 776 1158 827 epod.
1194 778 1261 827 17,
1285 777 1336 814 11
1377 776 1528 821 luxere‚·
1571 773 1684 824 epod.
1723 775 1790 824 17,
1812 773 1866 812 18

291 841 450 879 relatus.
514 838 812 891 orthographia
851 836 1083 887 posterioris
1124 835 1270 874 aetatis
1310 836 1351 874 et
1389 846 1540 884 prauae
1581 832 1752 872 rationis
1789 832 1867 872 est:

292 912 323 938 c.
348 899 368 937 I
390 901 457 950 36,
482 902 501 938 1
536 899 645 936 thure
681 892 803 951 (gv);
835 909 865 935 c.
892 896 933 934 II
956 898 1022 947 19,
1045 897 1097 934 23
1129 896 1303 934 hroetum
1340 888 1427 948 (g),·
1463 906 1494 932 c.
1521 892 1583 930 III
1603 893 1642 943 4,
1663 893 1687 931 2
1721 892 1868 940 caliope

293 953 381 1012 (g)‚·
406 971 437 997 ο.
463 958 525 996 111
545 960 583 1008 5,
607 960 629 996 7
654 957 758 1005 proh
790 950 864 1008 (g).
1859 972 1861 974 ψ

1060 1049 1098 1087 V

411 1135 594 1175 Proxime
633 1135 685 1173 ad
724 1148 751 1186 g
788 1133 942 1173 accedit
982 1133 1103 1172 codex
1133 1133 1182 1184 V,
1222 1124 1539 1172 uetustissimus
1562 1131 1630 1171 ille
1672 1133 1867 1182 quattuor

291 1196 473 1236 codicum
498 1194 802 1234 Blandiniorum
829 1192 1007 1244 Cruquii,
1034 1193 1081 1231 de
1109 1192 1254 1243 quibus
1279 1191 1410 1230 fusius
1434 1192 1608 1230 relatum
1628 1193 1690 1231 est
1708 1191 1866 1243 Epileg.

290 1269 329 1306 p.
359 1257 443 1295 800
465 1267 549 1305 sqq.
600 1253 779 1299 Quorum
810 1252 992 1292 codicum
1023 1253 1064 1290 et
1093 1252 1267 1290 uirtutes
1299 1252 1340 1290 et
1371 1252 1546 1290 aetatem
1575 1250 1711 1290 nimiis
1735 1250 1865 1298 laudif

292 1315 369 1355 bus
399 1314 535 1354 efferre
567 1314 660 1352 ante
691 1325 763 1352 nos
794 1325 917 1363 prope
949 1311 1127 1351 omnium
1158 1311 1377 1350 communis
1402 1323 1488 1350 mos
1513 1310 1604 1348 fuit.
1664 1309 1868 1349 Nimirum

293 1387 317 1412 a
347 1373 530 1413 Bentleio
563 1367 635 1427 (ad
671 1384 784 1411 serm.
810 1372 851 1410 II
871 1373 909 1423 3,
932 1369 1034 1423 189)
1077 1370 1256 1410 omnium
1291 1370 1437 1409 Horati
1477 1369 1662 1408 codicum·
1698 1368 1866 1408 ueterri-

293 1446 383 1472 mus
420 1434 462 1471 et
498 1432 673 1483 optimus
710 1431 964 1482 praedicatus
1002 1432 1105 1481 erat,
1144 1429 1252 1480 quod
1292 1429 1454 1479 quidem
1494 1429 1529 1467 si
1570 1441 1713 1468 uerum
1752 1430 1867 1480 esset,

293 1493 399 1532 inter
431 1504 554 1531 annos
588 1493 673 1530 800
705 1493 746 1530 et
778 1492 863 1530 850
895 1489 1089 1540 scriptum
1120 1502 1212 1528 eum
1244 1501 1327 1528 esse
1354 1488 1580 1540 oportebat,
1616 1490 1661 1527 at
1685 1488 1720 1527 si
1744 1488 1867 1527 Blan-.

294 1552 447 1590 diniani
473 1551 653 1590 coenobii
677 1550 887 1589 historiam
911 1549 1157 1599 respicimus,
1184 1550 1276 1587 ante
1303 1561 1338 1586 a.
1366 1549 1451 1587 878
1478 1548 1600 1588 codex
1618 1547 1656 1587 V
1681 1547 1868 1587 Gandaui

292 1611 415 1650 fuisse
447 1610 518 1649 uix
554 1611 704 1662 potest,
748 1609 918 1649 testibus
956 1608 1168 1647 annalibus
1205 1602 1273 1661 (cs.
1306 1607 1438 1646 annal.
1470 1606 1773 1647 Blandinienscs
1805 1607 1863 1647 ed.

293 1671 536 1721 Bethmann,
572 1683 676 1708 mon.
710 1669 849 1708 Germ.
871 1680 920 1708 ss.
947 1668 983 1706 V
1013 1681 1051 1718 p.
1079 1669 1134 1706 24
1155 1663 1232 1720 sq.)
1265 1667 1316 1705 ad
1347 1679 1382 1705 a.
1410 1668 1513 1706 878:
1559 1660 1868 1707 ‘monasterium

293 1730 421 1769 sancti
460 1729 571 1768 Petri
619 1731 659 1767 ct
707 1728 835 1767 sancti
875 1727 1031 1766 Bertini
1080 1740 1104 1765 a
1154 1726 1415 1766 Nortmannis
1466 1726 1674 1766 incensum
1719 1727 1780 1765 est
1828 1727 1866 1765 5.

292 1790 380 1828 Kal.
417 1785 539 1840 Aug.'
578 1790 618 1827 et
661 1788 712 1826 ad
754 1801 788 1828 a.
826 1789 929 1827 975:
980 1783 1192 1825 ‘dedicatio
1231 1786 1444 1825 aecclesiae
1479 1785 1773 1825 Blandiniensis
1817 1785 1868 1824 ab

293 1849 543 1887 Adalberone
574 1848 759 1887 Remensi
790 1841 1001 1898 praesule’.
1062 1846 1198 1897 Porro,
1231 1845 1265 1884 si
1293 1845 1535 1895 scripturam
1559 1846 1655 1884 d’est
1677 1845 1866 1885 habuisse

292 1910 398 1947 recte
436 1907 599 1959 dicitur,
637 1907 744 1958 quod
782 1907 943 1957 quidem
980 1905 1138 1944 disertis
1177 1904 1310 1944 uerbis
1352 1904 1554 1955 Oruquius
1595 1905 1680 1956 ipse
1715 1906 1866 1957 narrat,

296 1982 389 2019 ante
434 1980 640 2018 saeculum
678 1979 712 2016 X
749 1978 816 2017 uel
851 1964 911 2015 Xl
946 1977 983 2014 V
1026 1975 1198 2027 scriptus
1244 1988 1328 2015 esse
1375 1976 1526 2027 nequit.
1600 1976 1705 2015 Huic
1749 1989 1869 2030 argu·

295 2050 534 2112 mentationi
572 2049 812 2099 adstipulari
848 2048 1011 2087 uidetur
1046 2048 1091 2086 P.
1128 2047 1287 2099 Hoehn,
1326 2049 1397 2098 qui
1435 2047 1610 2087 codicem
1648 2048 1807 2088 saeculo
1833 2048 1870 2086 X

296 2123 364 2161 uel
393 2122 451 2160 XI
483 2121 688 2172 attribuit,
727 2120 774 2159 de
806 2120 889 2160 cod.
921 2119 1063 2158 Bland.
1095 2118 1395 2180 antiquissimo,
1435 2118 1553 2158 Ienae
1588 2120 1702 2158 1883
1734 2133 1773 2170 p.
1801 2121 1869 2172 54,

296 2193 345 2232 cf.
383 2193 538 2244 Epileg.
576 2206 615 2242 p.
648 2194 758 2231 802.Δ
807 2190 999 2231 Codicum
1038 2203 1134 2229 uero
1177 2191 1269 2230 ante
1306 2191 1343 2228 X
1383 2190 1589 2229 saeculum
1629 2189 1869 2241 scriptorum

297 2252 489 2292 habemus
515 2252 673 2302 copiam
696 2263 974 2303 permagnam:
1004 2247 1053 2289 A'
1065 2245 1218 2288 6'‘'B'‹Y
1219 2246 1268 2288 ’δ’
1274 2245 1420 2288 λ’πἚὸ
1427 2245 1749 2302 ξ’σ’Β1)’β”6111’;
1781 2249 1870 2300 qui-

295 2324 370 2362 bus
417 2323 611 2363 accedunt
652 2323 682 2360 ii
728 2322 799 2372 qui
845 2322 1003 2361 saeculo
1050 2322 1164 2359 VIIII
1203 2322 1271 2360 uel
1313 2322 1350 2359 X
1385 2321 1485 2371 picti
1529 2322 1624 2360 sunt
1667 2323 1717 2360 ut
1762 2321 1870 2360 Rn'd

296 2379 406 2423 λ11α’.
475 2382 562 2429 Quo
602 2382 689 2420 iure
728 2381 857 2433 igitur
895 2382 932 2419 V
971 2381 1149 2421 omnium
1189 2381 1428 2420 ueterrimus
1472 2380 1550 2419 dici
1589 2381 1754 2431 potest?
1814 2380 1870 2419 Et

295 2444 370 2482 hoc
404 2443 491 2492 ipso
525 2439 693 2497 ἐπιθέτῳ
727 2441 905 2491 improbe
940 2441 1066 2491 petito
1097 2441 1197 2491 quot
1231 2440 1414 2491 editores,
1450 2441 1549 2490 quot
1583 2440 1870 2492 adulescentes,

299 2502 369 2553 qui
399 2502 544 2541 Horati
575 2500 818 2540 carminibus
849 2501 1021 2552 student,
1054 2499 1163 2550 capti
1194 2500 1235 2538 et
1263 2499 1533 2549 obstupefacti
1567 2500 1679 2539 sunt!

417 2561 619 2608 Quattuor
655 2560 717 2598 illi
754 2560 907 2600 codices
946 2559 1132 2598 Gandaui
1168 2559 1209 2597 in
1248 2558 1412 2597 abbatia
1450 2571 1479 2597 s.
1510 2559 1622 2598 Petri
1661 2558 1704 2598 in
1734 2560 1870 2599 monte

296 2621 509 2660 Blandinio
559 2614 639 2674 (au
680 2621 793 2659 mont
834 2614 1034 2673 Blandin)
1078 2631 1102 2657 a
1141 2618 1284 2658 Iacobo
1336 2617 1518 2657 Gruucke
1564 2613 1664 2672 (Mre
1701 2619 1870 2670 Iacques

298 2675 501 2734 Oruucke)
533 2679 690 2719 inuenti
720 2681 825 2718 sunt.
888 2678 1088 2730 Cruucke,
1129 2678 1200 2728 qui
1234 2690 1275 2716 se
1305 2677 1390 2727 ipse
1424 2677 1647 2728 Cruquium
1679 2678 1870 2730 appellat,

298 2743 418 2779 natus
444 2741 531 2779 erat
554 2738 736 2778 Messinis
762 2733 983 2793 (Messines,
1009 2732 1204 2791 Meessen)
1231 2737 1273 2775 in
1297 2737 1498 2788 Flandria,
1526 2737 1701 2776 Louanii
1725 2737 1870 2785 studiis

297 2800 505 2839 litterariis
531 2799 797 2850 incumbebat,
816 2811 981 2837 uxorem
1005 2797 1121 2836 duxit
1141 2793 1416 2835 ‘Catharinam
1434 2797 1590 2835 Vutens
1615 2797 1717 2836 alias
1734 2793 1871 2848 Pode',

300 2873 404 2910 quae
443 2860 479 2898 61
510 2859 637 2897 filium
671 2857 898 2898 Cornelium
930 2857 1110 2896 Oruucke
1140 2856 1314 2908 peperit,
1352 2856 1521 2895 Iacobus
1553 2869 1587 2896 a.
1617 2858 1730 2896 1544
1763 2856 1872 2907 apud

300 2920 524 2971 Brugenses
555 2918 785 2957 litterarum
809 2919 1010 2968 professor
1033 2916 1222 2968 publicus·
1244 2916 1376 2955 factus
1402 2917 1479 2968 est,
1506 2916 1611 2955 diem
1638 2923 1871 2966 supremum
