2008 3230
859 161 1149 197 PRAEFATIO.
1711 159 1796 195 XXI

393 290 428 321 a.
455 292 493 328 p.
516 279 599 317 377
634 277 792 316 emimus
822 288 895 326 pro
927 276 1073 314 animis
1102 270 1151 313 B<

395 350 429 377 a.
456 351 494 388 p.
516 339 601 377 378
626 333 759 386 peryit·
788 348 861 386 pro
893 336 1021 384 ucryit
1043 330 1090 373 B'

338 401 342 404 ”
393 410 428 437 a.
453 410 492 447 p.
513 397 598 436 416
632 398 668 435 et
696 408 769 446 pro
802 390 933 434 cst„B'

393 469 426 496 a.
454 471 492 507 p.
514 458 600 495 420
632 457 686 495 ad
717 456 871 494 merum
900 455 1006 494 iubet
1034 449 1081 492 B'
1112 466 1185 504 pro
1217 454 1322 492 iubet
1352 453 1405 492 ad
1436 453 1589 492 lucrum

213 531 255 568 et
284 529 326 567 in
357 528 550 579 proximis
580 527 764 567 uersibus
796 528 886 576 ayri
921 539 994 577 pro
1034 527 1143 576 agris
1179 520 1228 569 B'
1259 526 1301 564 et
1330 526 1505 564 iwnctum
1535 537 1608 575 pro
1639 527 1800 563 wadum

213 585 260 627 B'
291 589 365 628 etc.

330 647 609 688 Memorabfles
639 647 833 686 uidentur
862 646 991 697 ipsius
1024 645 1202 685 auctoris
1231 640 1277 684 B'
1304 645 1463 696 aliquot
1489 644 1798 695 emendationes,

213 709 353 760 quales
391 709 487 747 sunt
515 708 694 757 procedit
723 707 863 747 c.1111
885 709 924 758 2,
944 707 999 746 49
1038 718 1110 756 pro
1141 706 1344 754 procedis,
1376 706 1484 744 certo
1519 717 1566 743 ex
1597 703 1799 743 industria

212 769 339 820 facta,
378 768 447 807 sed
474 768 579 807 falsa
610 766 856 818 emendatio,
894 779 925 806 c
951 765 1035 804 IIII
1064 766 1176 817 7,17
1209 766 1277 814 qui
1307 766 1384 804 scis
1414 759 1462 803 B'
1491 777 1568 815 pro
1597 765 1685 813 quis
1716 765 1797 814 scit,

215 841 319 879 quae
351 827 542 868 correctio
574 828 623 866 ut
653 827 836 867 consulto
862 827 972 865 faeta
998 827 1070 877 est,
1102 825 1162 864 ita
1186 825 1376 864 metricae
1401 824 1552 864 rationi
1575 825 1798 875 repugnat,

171 879 178 885 ’
215 888 328 939 epod.
356 889 394 940 2,
416 889 469 928 29
498 899 629 927 armus
652 888 804 926 hibcrm‘
828 887 931 926 iouis
955 899 1027 937 pro
1055 896 1186 924 armus
1210 885 1396 924 hibernus
1420 885 1523 923 iouis
1542 880 1588 922 B'
1610 878 1664 938 (B
1673 879 1796 937 Cpr..)

331 959 496 999 Minime
528 959 798 999 necessarium
830 960 891 998 est
922 971 957 997 a.
982 972 1020 1008 p.
1057 958 1140 997 103
1174 959 1256 996 tum
1286 970 1359 1007 pro
1393 960 1483 996 tunc
1513 951 1570 996 B'.

326 1020 462 1061 Praue
495 1032 530 1059 a.
555 1033 594 1069 p.
629 1020 714 1058 298
747 1019 886 1058 scribit
915 1015 962 1057 B
995 1018 1149 1057 barbas.
1819 1063 1821 1065 q

331 1078 542 1122 Accedunt
573 1079 820 1118 mutationes
850 1077 1150 1130 grammaticae,
1183 1089 1357 1128 quarum
1386 1088 1482 1126 pars
1510 1075 1800 1126 uerisimiliter,

210 1151 309 1190 pars
341 1139 451 1178 certo
482 1138 589 1177 falsa
621 1140 682 1177 est
712 1139 771 1190 ut,
804 1137 847 1176 ni
877 1138 1010 1188 fallor,
1041 1138 1179 1176 iccirco
1212 1150 1247 1176 a.
1273 1150 1311 1187 p.
1347 1137 1431 1175 265
1458 1132 1505 1174 B'

963 1198 1005 1235 et
1034 1198 1161 1235 ircwm
1205 1209 1240 1235 a.
1266 1209 1304 1247 p.
1339 1196 1426 1234 220
1452 1190 1509 1235 B‘.

331 1258 415 1298 Nec
448 1257 529 1298 scio
562 1270 614 1296 an
645 1248 777 1297 σπάνιοί
806 1257 840 1295 Β
874 1251 1029 1311 (deficit
1060 1251 1109 1310 O)
1142 1268 1215 1306 pro
1246 1257 1408 1295 manent
1438 1267 1468 1294 c.
1496 1254 1516 1292 I
1539 1256 1606 1306 13,
1628 1255 1651 1292 6
1683 1254 1734 1293 ad
1754 1251 1800 1293 B'

212 1318 468 1359 referendum
498 1318 563 1358 sit.
624 1317 729 1357 Item
754 1317 880 1356 mirae
911 1316 1006 1355 illae
1037 1315 1230 1356 lectiones
1257 1315 1483 1367 singulares
1507 1315 1703 1354 malorum
1727 1328 1800 1365 pro

213 1380 405 1419 bonorum
435 1390 465 1418 s.
497 1377 518 1416 I
540 1380 576 1428 1,
598 1379 651 1417 79

281 1480 286 1483 ,
389 1439 429 1477 et
458 1438 634 1486 fugimus
663 1450 736 1487 pro
763 1437 942 1486 cupimus
974 1449 1002 1475 s.
1034 1436 1054 1474 I
1076 1437 1114 1488 3,
1136 1437 1190 1475 56

209 1498 294 1538 sine
325 1498 448 1537 dubio
481 1510 505 1536 a
536 1492 583 1535 B'
615 1496 813 1548 originem
844 1497 1009 1536 ducunt.

323 1558 548 1609 Postquam
576 1568 719 1596 uersus
750 1569 779 1596 s.
811 1557 832 1594 I
855 1559 891 1608 1,
914 1557 967 1595 78
1001 1555 1157 1606 excidit,
1189 1557 1238 1594 ut
1269 1554 1492 1594 sententiae
1523 1554 1662 1594 hiatus
1688 1567 1789 1605 quo-

208 1619 300 1658 dam
330 1618 448 1658 modo
481 1617 719 1668 expleretur,
750 1629 823 1667 pro
856 1617 1044 1655 bonorum
1073 1616 1270 1654 ‘malorum
1300 1614 1554 1654 scribendum
1587 1616 1686 1666 erat,
1719 1627 1792 1654 nec

207 1679 352 1730 minus,
377 1691 470 1717 eum
501 1678 594 1716 ante
627 1689 655 1716 s.
681 1676 702 1714 I
723 1678 761 1728 3,
782 1678 837 1716 56
871 1677 1068 1727 quattuor
1097 1687 1239 1715 uersus
1263 1675 1307 1714 in
1336 1675 1407 1714 illo
1433 1675 1535 1714 libro
1569 1674 1790 1726 originario

210 1733 319 1793 (13⁰),
350 1737 456 1776 unde
488 1730 602 1791 B'(B
611 1730 669 1791 C),
692 1735 827 1788 fluxit,
860 1735 1110 1787 excidissent,
1139 1736 1315 1785 fuyimus
1345 1747 1417 1785 pro
1451 1736 1630 1783 cupimus
1662 1735 1791 1774 incul-

208 1798 388 1838 candum
422 1798 519 1837 erat.

329 1858 435 1897 Item
459 1857 502 1895 in
527 1851 585 1895 B''
605 1850 841 1910 (archetypo
863 1855 1010 1895 codicis
1029 1850 1095 1909 B‘)
1123 1853 1291 1894 extremi
1319 1854 1419 1893 artis
1445 1854 1628 1905 poeticae
1655 1867 1797 1894 uersus

209 1918 451 1969 exciderant,
483 1929 608 1967 quare
640 1916 683 1955 in
713 1916 748 1955 B
781 1918 822 1955 et
853 1915 884 1955 C
915 1916 1072 1955 desunt.

330 1991 365 2018 a.
390 1991 429 2029 p.
463 1979 547 2016 277
590 1978 689 2016 atris
728 1989 801 2027 pro
842 1988 915 2015 ora
953 1971 1000 2014 B'
1031 1975 1091 2014 ita
1131 1974 1331 2026 explicare
1375 1973 1482 2026 licet,
1524 1975 1572 2012 ut
1617 1973 1798 2025 singulas

208 2038 369 2078 litteras
400 2038 442 2077 et
473 2039 567 2076 ante
598 2049 621 2075 r
651 2038 692 2076 et
722 2037 815 2087 post
846 2048 868 2074 r
899 2035 1112 2075 euanuisse
1146 2037 1385 2074 statuamus.

328 2108 452 2148 Haud
471 2121 622 2158 paucas
641 2108 769 2148 bonae
789 2107 936 2147 indolis
952 2108 1103 2147 formas
1122 2107 1164 2146 in
1184 2106 1318 2146 codice
1333 2101 1378 2145 B'
1393 2107 1577 2145 seruatas
1593 2105 1799 2145 uidemus:

395 2182 426 2208 c.
458 2168 521 2207 ΙΠ
542 2169 680 2217 27,15
715 2169 850 2207 laeuos
878 2163 925 2206 B'

396 2228 508 2279 epod.
569 2230 677 2279 1,32
708 2228 805 2267 haut
835 2223 881 2267 B'

394 2302 429 2327 a.
461 2302 500 2339 p.
535 2290 619 2328 206
646 2299 801 2337 paruos
832 2282 878 2326 B'

393 2361 428 2387 a.
460 2362 498 2399 p.
534 2349 617 2387 225
652 2348 798 2386 dicacis
829 2342 876 2385 B'

393 2421 428 2448 a.
462 2422 499 2458 p.
535 2409 619 2448 248
654 2419 769 2456 equos
799 2402 856 2447 B'.

332 2480 418 2527 Quo
451 2479 606 2519 aceedit
637 2492 671 2519 a.
699 2493 736 2530 p.
766 2481 850 2518 237
884 2480 987 2518 daus
1018 2473 1065 2517 B'
1097 2474 1151 2531 (B
1183 2492 1241 2528 pr.
1275 2479 1316 2517 et
1349 2472 1411 2531 C).

331 2540 452 2579 Haud
489 2553 580 2579 raro
619 2540 744 2578 etiam
780 2539 814 2578 B
853 2539 962 2578 solus
998 2538 1146 2578 bonam
1181 2539 1354 2577 formam
1383 2538 1564 2578 ueterem
1602 2537 1795 2589 seruauit,

211 2613 302 2640 cum
327 2599 357 2639 O
378 2600 429 2639 ad
447 2600 581 2639 locum
601 2599 761 2638 deficiat
780 2600 853 2638 aut
870 2598 1135 2649 posteriorem
1153 2598 1275 2637 medii
1294 2597 1388 2637 aeui
1407 2598 1579 2637 formam
1599 2597 1796 2637 exhibeat.

212 2660 434 2700 Deficiente
468 2659 516 2699 O:

391 2744 422 2771 c.
484 2730 506 2770 Ι
557 2733 594 2782 2,
616 2732 670 2770 35
703 2731 925 2781 necleetum,

391 2803 421 2830 c.
482 2790 504 2830 Ι
527 2793 592 2843 12,
616 2792 668 2830 57
704 2787 846 2839 aequb‘s
871 2761 963 2843 (p’ro
991 2802 1071 2839 quo
1102 2802 1313 2840 perpelam
1339 2788 1535 2840 scriptum
1561 2789 1623 2828 est
1649 2784 1797 2844 equ5s),

392 2850 506 2889 c.1
528 2851 670 2903 18,12
703 2851 881 2899 opposita
912 2862 960 2888 ex
990 2850 1117 2898 opsita
1138 2866 1194 2880 =
1215 2849 1353 2895 obsita,

393 2921 424 2948 c.
463 2908 506 2947 Π
557 2911 595 2959 3,
618 2910 671 2949 18
704 2911 845 2959 flauos,

394 2968 504 3008 0.OE
555 2970 593 3022 7,
615 2970 668 3008 18
703 2971 917 3019 apstinens,
960 3010 965 3015 .
