2002 3224
259 134 343 176 102
802 133 987 171 HORATI
1012 133 1274 170 CARMINVM

600 248 713 286 cuius
746 251 926 287 octauom
957 245 1172 298 trepidauit
1204 251 1311 287 aetas

660 318 843 357 claudere
876 317 1056 357 lustrum.

1010 519 1067 566 V.

600 613 783 653 Nondum
816 613 977 654 subacta
1009 615 1113 654 ferre
1147 616 1284 667 iugum
1316 615 1422 655 ualet

602 686 778 738 ceruice,
811 685 987 725 nondum
1020 687 1154 726 munia
1187 688 1384 738 comparis

662 769 832 808 aequare
864 769 938 796 nec
969 759 1073 797 tauri
1105 759 1259 797 ruentis

723 829 765 867 in
791 840 981 868 uenerem
1012 828 1183 868 tolerare
1215 829 1382 881 pondus.

604 900 709 939 circa
741 901 910 939 uirentis
943 904 1003 939 est
1035 901 1191 940 animus
1223 904 1313 940 tuae
1806 909 1827 939 5
1854 903 1857 906 '

602 982 761 1023 campos
792 972 1005 1024 iuuencae,
1037 983 1142 1010 nuno
1175 971 1309 1011 fluuiis
1342 984 1503 1023 grauem

665 1041 828 1082 solantis
860 1046 1031 1096 aestum,
1062 1055 1169 1082 nune
1201 1044 1243 1082 in
1275 1042 1353 1082 udo

723 1113 862 1153 ludere
895 1126 984 1154 cum
1017 1114 1154 1154 uitulis
1188 1114 1324 1154 salicto

358 1222 391 1257 II
419 1226 450 1258 5.
502 1223 524 1258 1
541 1234 620 1268 sqq.
648 1223 691 1260 S:
717 1222 853 1258 Anaer.
871 1222 916 1258 fr.
939 1225 982 1257 75
997 1223 1055 1258 B.:
1081 1225 1180 1258 πῶλε
1208 1223 1365 1270 Θρῃκίη,
1390 1224 1430 1258 τί
1445 1222 1494 1267 δή
1514 1236 1557 1269 με
1581 1223 1691 1266 λοξὸν
1712 1222 1830 1270 ὄμμα-

258 1282 317 1305 σιν
352 1268 539 1318 βλέπουσα
571 1273 710 1315 νηλεῶς
742 1270 909 1316 φεύγεις,
942 1269 1087 1311 δοκέεις
1119 1269 1161 1306 δέ
1187 1268 1226 1316 μ’
1250 1270 1362 1306 οὐδὲν
1395 1269 1538 1305 εἰδέναι
1570 1269 1712 1315 σοφόν,·
1750 1271 1830 1307 ἴσθι

258 1331 334 1363 τοι,
361 1321 481 1359 καλῶς
506 1316 574 1364 μὲν
601 1318 649 1353 ἄν
675 1331 732 1354 τοι
757 1318 823 1354 τὸν
849 1318 1003 1363 χαλινὸν
1030 1315 1242 1366 ἔμβάλοιμι,
1268 1316 1378 1362 ἡνίας
1400 1316 1439 1353 δ’
1463 1316 1557 1363 ἔχων
1577 1315 1778 1364 στρέφοιμί
1792 1317 1828 1354 σ’

260 1365 359 1411 ἀμφὶ
390 1364 552 1412 τέρματα
585 1365 737 1411 δρόμου.
789 1371 859 1402 νῦν
892 1364 933 1401 δὲ
966 1365 1148 1411 λειμῶνάς
1178 1378 1217 1401 τε
1251 1363 1403 1413 βόσκεαι
1431 1364 1559 1411 κοῦφά
1583 1378 1622 1401 τε
1648 1371 1832 1412 σκιρτῶσα

262 1414 421 1456 παίζεις·
449 1413 574 1456 δεξιὸν
599 1413 670 1471 γὰρ
698 1412 921 1459 ἴπποσείρην
947 1414 1015 1448 οὐκ
1042 1411 1138 1459 ἔχεις
1164 1410 1377 1460 ἐπεμβάτην
1401 1414 1414 1458 ss
1437 1412 1591 1449 Theoor.
1613 1416 1677 1459 30,
1698 1417 1743 1449 29
1758 1425 1832 1459 sq.:

260 1461 325 1496 καὶ
350 1466 420 1496 νῦν
448 1459 516 1496 εἴτ’
540 1458 676 1507 ἐθελω,
703 1460 773 1507 χρή
800 1473 844 1507 με
870 1460 1046 1506 μάκρον
1072 1459 1237 1507 σχόντα
1262 1460 1340 1496 τὸν
1366 1460 1547 1507 ἄμφενα
1578 1458 1730 1497 ἕλκειν
1753 1461 1831 1498 τὸν

259 1508 405 1553 ζύγον,
433 1507 500 1544 εἴτ’
525 1509 593 1544 οὐκ
620 1505 739 1544 ἐθέλω
838 1508 859 1543 1
876 1520 931 1553 sq.
958 1508 1001 1545 S:
1027 1508 1136 1544 Hom.
1157 1508 1199 1544 ΙΙ.
1220 1509 1253 1543 X
1274 1511 1343 1543 292
1358 1520 1429 1553 sq.:
1481 1513 1549 1544 οῦν
1570 1538 1578 1546 .
1594 1537 1602 1545 .
1618 1537 1626 1545 .
1648 1508 1832 1556 ἀδμήτην,

259 1554 307 1600 ἣν
333 1556 436 1592 οὔπω
462 1557 536 1592 ὑπὸ
564 1557 674 1602 ζυγὸν
699 1556 839 1602 ἤγαγεν
865 1555 962 1601 ἀνήρ
1072 1556 1095 1592 1
1121 1557 1165 1593 T:
1192 1555 1294 1592 Seru.
1315 1556 1362 1591 de
1386 1568 1436 1593 m.
1493 1567 1543 1593 or.
1563 1556 1634 1592 ΙΙΠ
1658 1569 1695 1603 p.
1715 1559 1786 1592 4⁷0

259 1603 382 1640 Diom.
407 1616 444 1650 p.
471 1607 540 1639 523
603 1604 743 1640 Victor.
770 1604 816 1639 de
841 1615 889 1638 m.
915 1603 1004 1640 Hor.
1029 1616 1064 1650 p.
1093 1608 1161 1639 179
1307 1604 1351 1641 S:
1378 1604 1472 1641 Stat.
1495 1615 1522 1641 s,
1549 1604 1566 1639 I
1591 1607 1625 1649 2,
1646 1608 1709 1641 78:
1733 1603 1830 1640 ferre

259 1651 392 1698 iugum
418 1654 481 1697 (sc.
503 1651 689 1698 nuptiale)
796 1652 820 1687 3
835 1663 888 1696 sq.
918 1652 1002 1687 ‘neo
1027 1673 1073 1678 —
1097 1651 1259 1697 pondus’
1287 1652 1330 1687 T:
1356 1651 1555 1688 Pseudacr.
1582 1651 1833 1698 interpolatus

260 1699 310 1734 ad
336 1710 365 1736 c.
387 1699 420 1734 ΙΙ
447 1703 479 1744 8,
502 1704 544 1734 21
669 1699 712 1736 S:
743 1699 893 1735 Nemes.
914 1703 947 1744 2,
969 1702 1007 1736 3:
1033 1699 1083 1734 in
1107 1699 1278 1735 Donaees
1303 1710 1514 1734 uenerem
1538 1699 1682 1734 furiosa.
1706 1701 1832 1735 mente

260 1747 457 1782 ruebant
481 1749 492 1793 ΙΙ
517 1746 646 1783 Manil.
667 1747 720 1782 III
747 1750 815 1782 650
830 1758 902 1791 sq.:
934 1748 1024 1782 tune
1052 1747 1312 1792 pecudum
1334 1757 1452 1791 genus
1474 1775 1482 1782 .
1498 1775 1529 1783 ..
1550 1746 1598 1781 in
1622 1757 1833 1782 uenerem

260 1796 486 1839 partumque
512 1795 607 1830 ruib
721 1794 745 1830 3
771 1795 814 1830 T:
841 1794 981 1830 Victor.
1008 1794 1054 1829 de
1079 1806 1128 1830 m.
1149 1794 1236 1831 Hor.
1255 1805 1292 1839 P.
1314 1797 1383 1828 180
1497 1793 1522 1829 4
1553 1794 1598 1831 T:
1622 1793 1765 1831 Victor.
1785 1794 1832 1829 de

259 1854 308 1878 m.
329 1841 418 1877 Hor.
438 1855 474 1888 p.
498 1846 567 1877 180
689 1842 732 1879 S:
758 1841 911 1878 Maxim.
931 1841 977 1878 el.
999 1845 1031 1887 5,
1053 1845 1116 1878 34:
1143 1853 1219 1877 non
1243 1841 1449 1876 tolerant
1473 1841 1650 1887 pondus
1676 1841 1832 1877 subdita.

261 1889 430 1924 membra
449 1891 557 1925 tuum
655 1889 779 1926 5—10
806 1889 849 1926 S:
877 1889 1031 1924 Theocr.
1053 1892 1109 1935 11,
1130 1892 1192 1924 21:
1219 1888 1341 1935 μόσχω
1361 1887 1588 1935 γαυροτέρα,
1615 1887 1833 1935 φιαρωτὲρα

262 1936 433 1982 ὄμφακος
470 1938 572 1983 ὠμᾶς
730 1937 754 1972 6
791 1935 921 1981 πόρτις
947 1954 991 1966 =
1017 1937 1194 1982 iuuenca,
1232 1936 1277 1972 de
1315 1936 1462 1982 uirgine
1499 1936 1681 1972 Deianira
1718 1936 1831 1983 Soph.

263 1984 396 2020 Traeh.
419 1988 496 2019 530⁴
587 1985 610 2020 8
626 1997 678 2029 sq.
703 1984 847 2019 ‘ludere
874 2006 918 2010 —
944 1984 1250 2030 praegestientis'
1272 1985 1315 2021 T:
1343 1983 1454 2020 Prisc.
1475 1984 1579 2019 XIIII
1597 1987 1642 2020 46

381 2091 1125 2139 ῼΞΑΒΟΒἘῳωΕγδλᾙῦπαα]
1188 2090 1237 2126 23
1265 2090 1333 2127 Cui
1359 2091 1400 2126 F
1453 2092 1630 2127 octauum
1657 2092 1693 2126 Ω
1750 2092 1832 2126 etas

260 2144 327 2180 Αδ
424 2143 474 2179 24
501 2144 688 2192 Issustrum
713 2145 751 2181 R

380 2204 413 2238 Π
440 2207 472 2240 5.
524 2204 628 2240 NON
670 2204 787 2240 ESSE
832 2203 1205 2240 PROPERANDVM
1247 2203 1314 2239 AD
1352 2203 1567 2240 VOEGINIS
1606 2203 1832 2240 OSOVLVM

261 2257 475 2301 ABODa,
494 2258 534 2293 D
555 2259 639 2294 add.
661 2258 757 2294 ODE
778 2257 1104 2304 TETRACOLOS,
1125 2270 1149 2293 a
1171 2258 1257 2294 add.
1279 2257 1592 2293 TETRACOLOS
1655 2255 1832 2292 EVTICE

262 2310 328 2345 AD
362 2310 608 2346 SODALEM·
635 2311 731 2346 PER
762 2311 1079 2347 ALLEGORIAM
1104 2311 1236 2346 VERO
1263 2313 1377 2354 (omis.
1398 2313 1470 2357 ὃπ)
1503 2310 1631 2346 DICIT
1657 2309 1832 2346 OMNTA-

262 2364 328 2399 AD
356 2364 581 2400 LALAGEN
608 2365 852 2401 VIRGINEM
880 2366 982 2401 Ρὸπ
1042 2365 1138 2400 ODE
1164 2364 1478 2401 TETRACOLOS
1504 2365 1600 2399 PER
1624 2363 1833 2400 ALLEGO·

262 2423 386 2458 RIAM
405 2417 443 2458 N
470 2414 533 2459 EE
565 2416 897 2460 PROPERAND'V
928 2424 994 2459 AD
1025 2423 1242 2460 VIRGINIS
1276 2416 1462 2459 OSCVLV
1487 2423 1619 2459 VERO
1655 2423 1833 2460 OMNIA

263 2476 329 2511 AD
356 2477 586 2513 LALAGEN
612 2478 740 2514 DICIT
765 2492 787 2524 γ
836 2477 1011 2513 EVTICE
1037 2477 1103 2512 AD
1131 2476 1374 2512 SODALEM-
1401 2476 1496 2511 PER,
1515 2476 1833 2512 ALLEGORIAM

262 2530 392 2566 DICIT
431 2531 614 2571 OMNIA-0
643 2531 748 2567 NON
782 2531 897 2567 ESSE
936 2529 1306 2565 PROPERANDVM
1343 2530 1409 2564 AD
1441 2529 1657 2565 VIRGINIS
1697 2529 1834 2565 OSCV-

261 2583 366 2619 LVM
391 2584 420 2620 λ’
471 2584 647 2620 EUTICE
673 2585 740 2620 AD
767 2583 995 2621 SODALEM
1019 2597 1046 2620 u
1094 2582 1391 2618 ADLALAGEN
1415 2583 1452 2619 R

385 2644 407 2679 1
434 2643 545 2690 iugfit
569 2644 669 2690 Apr.
779 2644 803 2679 2
828 2643 959 2679 munia.
984 2645 1082 2680 omis.
1106 2643 1137 2679 Ο
1205 2642 1377 2688 conparis
1402 2655 1429 2678 u
1537 2642 1561 2677 3
1586 2642 1736 2687 Equare
1759 2654 1787 2678 u

267 2713 291 2749 4
316 2714 373 2761 in]
399 2715 416 2750 I
442 2717 481 2750 δι
555 2715 732 2751 tollerare
758 2716 826 2751 Βὸ
839 2714 1207 2761 Victorinus(eod.A)
1243 2698 1421 2749 tollgrare
1447 2727 1468 2758 γ
1613 2713 1637 2749 5
1668 2712 1834 2748 uir-enies

264 2767 303 2802 D
307 2779 365 2812 pr.
375 2769 866 2815 auteorr.R22-'u(etvcorr.)
892 2769 1048 2804 uirentis
1061 2768 1620 2813 cett.Dcorr.aut1or.R1etvpr.
1694 2766 1719 2802 6
1739 2765 1834 2811 Cap-

266 2819 316 2854 tis
343 2822 382 2856 61
409 2821 528 2867 capos
554 2824 595 2858 δε
679 2822 836 2858 iuuenca
865 2822 896 2858 0
975 2821 1109 2857 fluuios
1137 2820 1169 2857 0
1276 2821 1295 2857 7
1325 2820 1486 2856 Solentis
1514 2821 1544 2856 G
1613 2821 1736 2855 estum
1759 2831 1788 2855 u

261 2875 356 2938 non:²
375 2904 403 2925 π
500 2893 524 2927 8
548 2892 719 2939 Lssudere
745 2893 783 2930 R
