2008 3230
841 128 1128 167 PRAEFATIO.
1691 96 1776 164 *LIX

196 248 295 287 item
335 247 450 297 epist.
485 246 527 285 II
560 247 597 299 1,
631 245 715 285 265
757 245 866 284 uoltu
907 238 1007 298 (non
1047 237 1180 297 uultu)
1222 242 1265 281 in
1305 242 1402 282 solis
1439 242 1516 281 dze
1557 242 1776 280 inuenitur.

194 307 329 360 Digna.
358 308 428 421 >est
460 307 583 346 etiam
615 318 718 357 quae
750 305 996 343 memoretur
1027 302 1227 360 scriptura
1261 302 1340 341 alid
1377 302 1489 353 epod.
1527 302 1594 353 15,
1623 303 1678 340 23
1699 296 1776 355 (=

195 367 356 408 aduerb.
409 367 451 406 in
483 366 519 408 d.

979 449 999 474 Ζ

315 538 335 562 Ζ
355 540 412 554 --
432 522 654 562 Vossianus
687 522 761 573 21,
794 532 894 559 saec.
926 505 1022 571 Χ-ΙΙ,
1061 519 1144 559 cod.
1177 517 1383 558 Leidensis
1421 514 1486 557 ‘ex
1521 516 1776 557 Bibliotheca

198 583 287 622 Viri
305 583 437 622 Illust.
451 581 582 621 Isaaci
601 581 746 621 Vossii.
764 576 877 632 166⁹,
897 579 1056 619 Bentlei
1075 579 1310 630 Vossianus,
1330 578 1526 617 oriundus
1546 591 1566 616 e
1587 574 1778 616 coenobio

200 655 329 695 sancti
355 653 639 706 Symphoriani
664 651 1060 704 Mediomatricensis,
1086 652 1260 703 scriptus
1285 650 1445 690 saeculo
1468 636 1558 688 'XI-I.
1591 649 1780 688 LIBER

198 710 292 767 {⁷5}
317 725 736 766 SYMPHORIANI
763 707 871 764 <³513
899 720 932 776 ss
957 724 1017 763 sl
1045 723 1179 773 QVIS
1200 722 1338 762 EVM
1358 719 1736 760 ABSTVLERIT
1752 717 1781 773 ss

199 784 533 827 ANETHEMA
578 785 680 825 SIT.
751 784 979 824 Miniatoris
1021 796 1182 835 quoque
1229 795 1374 822 nomen
1421 781 1688 832 comperimus
1731 781 1781 820 ad

201 861 232 887 c.
257 847 341 886 IIII
369 848 422 886 13
454 846 508 885 in.
541 841 628 900 (fol.
656 839 766 899 51¹):
798 840 1062 884 ‘Constantin’
1094 842 1322 882 Mettensis'.

321 906 528 947 Genuinus
565 906 686 945 codex
723 905 920 944 continet:
957 917 1077 943 carm.
1109 904 1129 942 I
1165 905 1202 955 1,
1230 902 1390 941 1——III
1423 904 1498 954 29,
1533 902 1600 941 56.
1632 901 1715 939 IIII
1744 903 1781 952 2,

198 968 400 1017 54-—15‚
428 968 496 1006 32.
529 967 605 1005 art.
629 979 668 1016 p.
697 966 896 1004 1-336.
930 966 1191 1004 457—476.
1224 963 1336 1013 epod.
1364 975 1395 1001 c.
1423 974 1451 1001 S.
1478 961 1594 1012 epist.
1622 973 1735 1000 serm.
1762 961 1782 999 Ι

203 1029 239 1078 1,
268 1026 409 1065 1—II
437 1028 475 1077 3,
505 1028 570 1064 22.
607 1028 644 1076 6,
673 1026 842 1077 92-8,
870 1027 938 1065 95.
994 1024 1070 1063 Hic
1107 1035 1268 1074 quoque
1311 1022 1433 1062 codex
1471 1021 1631 1061 exhibet
1668 1033 1782 1071 prae-

198 1085 418 1137 positiones
459 1097 552 1124 cum
591 1084 821 1124 nominibus
863 1084 1098 1124 coniunctas
1144 1083 1271 1122 isdem
1302 1082 1428 1133 locis,
1470 1081 1618 1132 quibus
1662 1081 1784 1120 codex

199 1144 441 1198 originarius
473 1138 577 1198 (dm)
616 1144 832 1196 habuerat,
869 1145 919 1182 ut
949 1144 1061 1194 epod.
1098 1145 1164 1194 15,
1198 1145 1225 1182 4
1256 1143 1434 1181 Inuerba
1465 1141 1500 1194 δ,
1538 1142 1716 1180 Inuerba
1747 1141 1784 1192 d,

198 1214 353 1269 Inueba
390 1243 427 1279 Ζ;
471 1228 657 1268 similiter
694 1227 807 1278 epod.
837 1228 904 1279 15,
939 1228 993 1265 12
1032 1228 1176 1274 inflaco
1217 1225 1274 1265 dd
1314 1227 1478 1274 inflaceo
1519 1225 1591 1263 zT.
1655 1224 1783 1270 Quem

199 1289 376 1329 maxima
395 1288 607 1340 diligentia
627 1302 646 1327 Ζ
666 1288 715 1327 ab
736 1287 954 1338 exemplari
974 1286 1219 1336 descriptum
1240 1298 1323 1325 esse
1350 1298 1468 1335 saepe
1488 1284 1785 1336 cognoscimus:

200 1363 319 1390 carm.
345 1349 387 1387 Π
413 1350 452 1401 4,
480 1350 532 1387 21
566 1349 719 1387 mltum
751 1347 785 1400 ὃ,
818 1348 966 1387 uoltum
998 1361 1035 1399 Ζ,
1066 1346 1132 1386 hic
1163 1346 1292 1398 igitur
1322 1360 1341 1384 Ζ
1372 1346 1582 1384 uetustam
1612 1344 1784 1383 formam

201 1408 432 1449 accuratius
465 1408 647 1447 seruauit
684 1420 806 1458 quam
838 1407 880 1458 δ,
911 1420 1031 1446 carm.
1057 1406 1078 1445 Ι
1104 1408 1172 1458 31,
1200 1407 1256 1445 14
1289 1408 1331 1445 at
1368 1406 1557 1445 lanificam
1587 1418 1624 1456 Ζ,
1657 1405 1784 1443 atlan-

199 1472 317 1509 ticum
360 1468 400 1519 δ,
443 1464 484 1507 δ’
523 1468 777 1507 ath-lanticwm
820 1466 1008 1506 habuisse
1059 1466 1241 1516 uidetur3
1283 1465 1396 1517 epod.
1438 1467 1505 1517 12,
1535 1466 1588 1503 12
1621 1478 1641 1502 Ζ
1678 1465 1785 1503 recte

200 1530 377 1569 testatur
406 1529 565 1579 rumpit,
599 1527 623 1566 ὃ
630 1527 656 1566 d
680 1527 783 1566 falso
814 1529 932 1576 rupit,
965 1526 997 1565 Τ
1022 1528 1141 1576 rapit.
1204 1525 1336 1566 Codex
1361 1539 1380 1564 Ζ
1407 1525 1497 1564 ideo
1529 1524 1786 1575 potissimum

201 1589 310 1629 haud
347 1588 467 1639 parui
505 1587 779 1627 aestimandus
811 1588 888 1639 est,
928 1586 1037 1637 quod
1073 1599 1199 1637 paene
1237 1586 1395 1638 integer
1426 1584 1643 1624 admodum
1674 1597 1785 1622 man-

202 1662 341 1689 corum
389 1647 571 1687 codicum
626 1646 650 1686 δ
663 1647 688 1685 d
733 1647 865 1686 Turio.
915 1646 1055 1685 multis
1099 1645 1197 1686 locis
1248 1646 1576 1696 supplementum
1621 1643 1788 1695 praebet

204 1709 450 1759 exoptatum.
515 1707 580 1746 Sic
607 1707 849 1757 supplentur
873 1719 992 1746 carm.
1018 1706 1060 1744 Π
1089 1707 1155 1757 13,
1184 1705 1325 1745 5—11
1353 1707 1420 1757 16,
1449 1706 1502 1744 19
1538 1699 1629 1758 (ubi
1654 1703 1788 1743 deficit

201 1763 264 1823 d),
296 1781 328 1807 c.
353 1767 395 1805 H
423 1768 490 1819 14,
518 1769 542 1807 5
575 1767 682 1806 inter
712 1779 833 1806 uerae
871 1765 1056 1806 lectionis
1094 1767 1256 1804 trecenis
1295 1760 1386 1819 (pro
1418 1764 1686 1815 plurimorum
1719 1765 1786 1803 tri—

203 1822 326 1882 cenis)
367 1829 491 1867 testes
531 1826 795 1877 paucissimos
845 1826 1092 1876 conspicitur
1131 1840 1162 1865 z.
1233 1825 1407 1864 Maxime
1448 1824 1650 1863 notandae
1692 1825 1789 1862 sunt

203 1888 327 1928 etiam
358 1887 551 1926 lectiones
588 1889 769 1936 optumus
801 1899 830 1925 s.
857 1886 876 1924 I
903 1888 941 1938 5,
970 1888 1022 1925 27
1058 1880 1097 1939 (Ζ
1124 1887 1165 1925 et
1189 1879 1350 1939 Regin.)
1383 1886 1424 1924 et
1463 1885 1637 1923 uetulum
1668 1896 1699 1922 c.
1726 1883 1788 1922 III

207 1950 274 1999 15,
303 1949 355 1987 16
386 1942 496 2001 (cum
522 1947 574 1998 R,
602 1947 735 1985 uetula
761 1940 817 2000 δ).
866 1946 1084 1996 Exemplar
1117 1945 1264 1985 codicis
1300 1959 1331 1996 Ζ,
1361 1958 1482 1996 quem
1507 1943 1625 1995 quasi
1650 1943 1788 1982 fratris

203 2008 333 2047 filium
358 2007 482 2046 fuisse
508 2006 703 2046 librorum
729 2005 754 2045 ὃ
778 2007 819 2046 et
844 2006 870 2044 d
895 2005 1105 2057 credimus,
1136 2005 1374 2044 minusculis
1405 2004 1554 2043 litteris
1579 2004 1789 2043 exaratum

208 2069 307 2119 erat,
333 2080 457 2118 quare
479 2067 638 2117 saepius
657 2067 960 2106 commutantur
978 2067 1004 2104 d
1024 2067 1064 2105 et
1083 2067 1134 2116 σῖ,
1160 2078 1194 2104 a.
1215 2079 1253 2116 p.
1276 2066 1359 2104 237
1388 2066 1526 2103 clauus
1552 2077 1623 2114 pro
1644 2064 1787 2108 clauus,

205 2127 319 2178 epist.
346 2127 388 2165 II
417 2129 453 2178 1,
489 2128 571 2166 163
611 2127 797 2175 sophodes
833 2139 906 2176 pro
944 2127 1138 2175 sophocles
1176 2120 1302 2179 (quod
1341 2125 1464 2164 etiam
1502 2124 1543 2162 in
1583 2123 1786 2173 delble

206 2181 444 2240 reperitur)3
470 2199 588 2237 saepe
615 2186 918 2226 confunduntur
944 2199 969 2225 a
995 2187 1035 2225 et
1059 2199 1099 2231 u,
1125 2187 1174 2224 ut
1199 2198 1230 2225 c.
1250 2185 1292 2223 ΙΙ
1321 2186 1388 2237 14,
1417 2187 1437 2223 1
1466 2185 1625 2233 fayaces
1651 2177 1789 2237 (zpr.),

205 2247 287 2288 nid.
313 2247 470 2298 Epileg.
503 2246 554 2285 ad
584 2246 622 2287 b.
648 2247 673 2285 1.

984 2317 1016 2355 Τ

326 2390 458 2429 Turio.
491 2390 576 2429 siue
608 2390 640 2428 Τ
667 2391 729 2429 est
759 2403 807 2429 ea
838 2389 984 2430 codicis
1011 2389 1240 2429 Turicensis
1272 2388 1450 2428 Carolini
1484 2389 1507 2427 6
1541 2400 1652 2439 pars,
1685 2399 1789 2438 quae

205 2463 296 2490 cum
332 2450 462 2500 primo
503 2450 640 2490 ordine
679 2463 758 2490 non
797 2450 913 2489 facit:
952 2462 1071 2489 carm.
1097 2449 1118 2487 Ι
1146 2451 1183 2500 1,
1212 2450 1382 2499 1-11,
1410 2449 1434 2488 5
1474 2442 1548 2502 (21
1590 2447 1790 2486 linearum

205 2510 247 2549 in
280 2509 451 2561 singulis
488 2507 678 2561 paginis).
730 2522 849 2549 carm.
882 2510 965 2548 IIII
998 2511 1037 2560 4,
1066 2510 1205 2560 6—9,
1239 2510 1293 2548 32
1328 2503 1403 2562 (21
1437 2508 1507 2546 lin.
1539 2507 1582 2546 in
1619 2507 1791 2558 singulis

207 2564 397 2623 paginis).
459 2583 491 2609 c.
523 2569 607 2608 IIII
643 2571 710 2620 11,
747 2571 947 2621 13-14,
981 2570 1034 2608 32
1080 2563 1156 2623 (20
1197 2568 1266 2607 lin.
1304 2568 1346 2607 in
1387 2567 1559 2619 singulis
1598 2561 1791 2619 paginis),

208 2629 349 2668 deinde
382 2641 446 2668 ars
478 2629 636 2679 poetica
669 2624 743 2683 (21
772 2623 874 2683 lin.),
906 2631 996 2668 tum
1021 2629 1171 2679 epodoe
1203 2628 1379 2678 exceptis
1411 2627 1522 2677 epod.
1552 2628 1589 2677 1,
1622 2628 1790 2677 19-—9,

187 2690 264 2731 ,36
299 2683 376 2742 (20
407 2683 516 2742 lin.);
549 2689 672 2728 etiam
704 2702 735 2729 c.
762 2702 790 2728 s.
830 2690 987 2728 1—20
1025 2686 1245 2739 (21-1111.
1278 2682 1499 2740 deficiunt).
1563 2685 1712 2724 Contra
1743 2698 1791 2724 ea

209 2760 319 2799 pars,
362 2761 465 2798 quae
505 2748 627 2798 primi
667 2748 818 2788 ordinis
850 2749 912 2787 est
951 2749 993 2787 et
1033 2747 1129 2786 olim
1168 2746 1218 2785 ad
1255 2746 1431 2785 codicem
1467 2757 1631 2796 prorsus
1664 2745 1791 2784 alium

208 2807 453 2859 pertinebat,
492 2821 525 2847 c.
549 2809 570 2846 I
598 2810 665 2860 11,
693 2808 855 2848 6-ΠΙ
884 2810 951 2859 27,
979 2808 1046 2858 55,
1081 2808 1134 2845 23
1168 2818 1310 2845 uersus
1341 2805 1383 2844 in
1422 2804 1592 2857 singulis
1630 2805 1790 2856 paginis

210 2879 341 2918 habet.
398 2878 512 2918 Hanc
539 2880 791 2931 signauimus
816 2894 847 2932 τ,
880 2880 1051 2918 alteram
1082 2891 1178 2918 uero
1204 2878 1371 2929 partem,
1406 2889 1510 2928 quae
1541 2877 1604 2916 III
1641 2876 1792 2916 ordinis

211 2940 283 2990 est,
316 2938 410 2977 Tur.
437 2938 522 2977 siue
555 2939 598 2977 T.
