2002 3224
267 117 353 160 150
811 116 996 154 HORATI
1020 116 1282 154 CARMINVM

669 233 849 269 matrona
878 227 1061 269 bellantis
1092 231 1250 282 tyranni

728 300 977 353 prospiciens
1009 305 1048 340 et
1079 300 1210 341 adulta
1241 302 1354 353 uirgo

613 372 805 425 suspiret:
838 369 974 426 ‘eheu,
1005 384 1054 411 ne
1086 372 1198 412 rudis
1230 374 1431 424 agminum

613 455 783 496 sponsus
815 442 983 483 lacessat
1014 444 1149 495 regius
1181 455 1366 496 asperum
1793 453 1835 485 lo

671 518 779 555 tactu
810 514 983 568 leonem,
1016 527 1133 567 quem
1167 520 1331 555 cruenta

731 597 803 637 per
834 584 984 624 medias
1016 586 1120 637 rapit
1150 586 1209 625 ira
1241 583 1418 625 caedesl'

615 656 729 696 dulce
761 661 800 697 et
831 656 1018 696 decorum
1050 661 1111 696 est
1140 669 1213 709 pro
1244 658 1371 710 patria
1403 659 1524 698 mori:

617 727 723 767 Mors
754 732 794 768 et
826 727 1004 780 fugacem
1035 729 1290 780 persequitur
1321 729 1473 783 uirum,

676 810 750 839 nec
780 800 908 852 parcit
939 798 1097 839 inbellis
1130 801 1315 839 iuuentae
1795 809 1838 841 15

733 869 951 923 poplitibus
982 870 1172 910 timidoue
1204 875 1328 923 tergo.

616 941 749 981 Virtus
780 941 964 995 repulsae
996 943 1132 982 nescia
1164 941 1347 982 sordidae

614 1013 858 1052 intaminatis
892 1012 1015 1065 fulget
1046 1013 1283 1067 honoribus,

673 1096 747 1124 nec
779 1086 900 1124 sumit
931 1090 998 1124 aut
1027 1086 1140 1137 ponit
1172 1086 1326 1124 securis

733 1155 897 1196 arbitrio
928 1156 1131 1209 popularis
1163 1169 1291 1196 aurae.
1794 1168 1842 1201 20

390 1282 439 1319 11
461 1294 516 1327 sq.
555 1282 599 1319 S:
638 1282 721 1317 Sen.
747 1282 855 1318 Herc.
881 1282 950 1320 fur.
972 1286 1041 1319 918
1057 1295 1130 1329 sq.:
1168 1284 1294 1329 gnate,
1331 1284 1530 1320 manantes
1565 1284 1670 1331 prius
1708 1295 1843 1323 manus

271 1332 463 1367 cruenta
495 1330 633 1366 caede
666 1331 705 1365 et
734 1329 867 1366 hostili
899 1330 1010 1376 expia
1039 1332 1052 1377 ΙΙ
1084 1335 1193 1368 1160:
1231 1331 1340 1377 gnati
1373 1333 1563 1368 cruenta.
1595 1332 1734 1370 caede
1758 1343 1844 1369 con-

274 1377 367 1414 fecti
391 1378 518 1413 iacent
603 1377 651 1413 11
681 1376 734 1412 sic
758 1376 834 1413 iam
857 1378 1006 1414 Homer.
1028 1389 1141 1424 saepe
1165 1378 1300 1414 heroas
1327 1390 1413 1414 suos
1439 1390 1523 1415 cum
1547 1379 1720 1417 leonibus
1745 1391 1845 1417 com-

272 1427 385 1472 parat
413 1427 427 1472 ss
461 1425 524 1461 Sil.
540 1424 611 1460 VII
630 1428 697 1460 401
727 1425 773 1460 de
798 1425 1027 1462 Hannibale:
1063 1425 1140 1461 iam
1169 1437 1297 1462 cernes
1323 1426 1504 1472 Libycum
1528 1427 1627 1464 hunc
1650 1428 1754 1464 uallo
1780 1427 1846 1464 ad-

274 1473 416 1509 sultare
440 1472 587 1509 leonem
734 1472 783 1508 13
820 1475 863 1510 T:
898 1473 1005 1510 floril.
1025 1473 1143 1510 Paris.
1164 1476 1284 1510 gglga
1428 1475 1473 1512 S:
1507 1475 1691 1521 Tyrtaeus
1715 1476 1761 1513 fr.
1781 1479 1843 1513 10:

273 1519 508 1567 τεθνάμεναι
543 1520 615 1566 γὰρ
653 1520 768 1556 καλὸν
808 1517 870 1556 ἐπὶ
907 1521 1133 1568 προμάχοισι
1169 1521 1332 1558 πεσόντα
1370 1521 1482 1569 ἄνδρ’
1515 1523 1666 1570 ἀγαθὸν
1699 1523 1786 1571 περὶ
1819 1519 1843 1572 ᾖ

273 1567 428 1615 πατρίδι
455 1567 696 1615 μαρνάμενον
715 1570 727 1611 11
747 1568 834 1604 Eur.
853 1569 911 1605 Tr.
933 1573 1001 1604 386
1017 1581 1089 1614 sq.:
1120 1572 1242 1615 Τρῶες
1260 1569 1302 1606 δὲ
1322 1576 1469 1616 πρῶτον
1489 1569 1569 1618 μέν,
1588 1571 1630 1608 τὸ
1649 1570 1844 1608 κάλλιστον

272 1615 395 1662 κλέος,
420 1616 515 1662 ὑπὲρ
541 1615 685 1661 πάτρας
711 1614 901 1664 ἔθνῃσκον
926 1619 939 1662 ΙΙ
963 1616 1070 1653 Hom.
1090 1617 1132 1654 11.
1153 1617 1219 1652 XV
1239 1621 1309 1654 496
1325 1629 1398 1663 sq.:
1425 1618 1469 1654 οὔ
1495 1618 1535 1655 οἷ
1557 1619 1680 1661 ἀεικὲς
1705 1620 1844 1666 ἀμυνο-

273 1663 371 1713 μένῳ
392 1664 479 1710 περὶ
499 1662 643 1710 πάτρης
656 1662 848 1710 τεθνάμεν
918 1664 963 1700 cf.
987 1666 1156 1701 ‘censent
1168 1665 1340 1701 hostibus
1355 1667 1633 1712 occurrendum,
1645 1666 1844 1714 pulchrum

273 1723 355 1748 esse
369 1712 536 1747 dicentes
551 1722 618 1757 pro
631 1711 758 1757 patria
771 1711 881 1748 mori'
898 1711 1098 1748 translatio
1110 1712 1285 1758 Dionysii
1297 1724 1327 1748 c.
1345 1717 1388 1748 10
1402 1715 1514 1760 (mon.
1523 1714 1644 1751 Germ.
1660 1714 1748 1750 XIII
1759 1715 1843 1760 360)

273 1760 386 1797 Prud.
406 1759 505 1795 ham.
528 1762 614 1795 154:
642 1758 776 1795 dulce
801 1760 914 1796 mori
940 1761 1028 1806 est,
1054 1761 1164 1795 tanta
1189 1760 1229 1795 in
1247 1760 1413 1796 tenebris
1433 1761 1479 1797 de
1498 1763 1605 1807 peste
1624 1761 1818 1807 uoluptas!
1831 1761 1845 1810 ΙΙ

274 1806 494 1843 Maximian.
515 1806 609 1852 eleg.
631 1807 648 1841 I
675 1810 760 1843 115:
793 1807 902 1842 dulce
927 1807 1022 1842 mori
1045 1807 1193 1843 miseris
1223 1809 1236 1854 ΙΙ
1266 1807 1469 1843 Pentadius
1496 1808 1639 1844 anthol.
1659 1808 1740 1845 Lat.
1762 1811 1844 1855 235,

274 1859 317 1890 21
334 1856 373 1891 et
386 1859 430 1890 22
441 1855 503 1890 R:
527 1855 619 1889 tunc
639 1865 787 1916 quoque
807 1854 916 1890 dulce
937 1853 1032 1890 mori
1048 1883 1056 1891 .
1072 1883 1079 1891 .
1095 1883 1104 1891 .
1123 1856 1215 1890 tunc
1234 1866 1382 1900 quoque
1401 1856 1510 1892 dulce
1528 1855 1625 1892 mori
1721 1855 1772 1892 14
1798 1856 1838 1894 S:

275 1902 455 1939 Simonid.
469 1901 584 1938 fr.65:
605 1901 624 1937 ὁ
640 1900 737 1937 δἀυ
756 1904 926 1943 θάνατος
945 1903 1026 1948 κίχε
1045 1902 1110 1938 καὶ
1130 1902 1195 1938 τὸν
1215 1902 1437 1949 φυγόμαχον
1449 1904 1460 1951 Η
1474 1903 1607 1940 Callin.
1621 1903 1665 1940 fr.
1676 1907 1844 1950 1‚14sq.:

275 1950 435 1986 πολλάκι
474 1951 654 1995 δηιοτῆτα
693 1949 823 1995 φυγὼν
860 1949 925 1985 καὶ
962 1950 1106 1986 δοῦπον
1142 1949 1311 1986 ἀκόντων
1350 1950 1495 1997 ἔρχεται
1531 1950 1693 1998 (ἔργεται
1722 1950 1846 1998 ng.)‚

280 1995 321 2033 ἐν
348 1996 384 2033 δ’
410 1998 499 2044 oi'mp
525 2001 638 2042 μοῖρα
663 1994 766 2042 κίχεν
791 1997 965 2033 θανάτου
985 1999 996 2043 {fi
1016 1996 1115 2034 Curt.
1136 1997 1205 2032 IIII
1231 2002 1287 2044 14,
1308 2001 1370 2035 25:
1404 1998 1537 2044 effugit
1561 2001 1720 2035 mortem
1744 1997 1845 2044 quis·

282 2045 366 2090 quis
393 2043 678 2090 contempserit,
704 2043 986 2080 timidissimum
1011 2055 1197 2090 quemque
1224 2045 1464 2091 consequitur
1602 2046 1652 2083 15
1685 2047 1728 2084 S:
1761 2046 1845 2084 Sen.

277 2092 413 2127 Troad.
436 2095 504 2126 401
521 2103 594 2136 sq.:
619 2102 719 2127 mors
745 2091 943 2127 indiuidua
969 2093 1042 2138 est,
1068 2093 1181 2128 noxia
1207 2092 1353 2138 corpori
1376 2105 1445 2130 nec
1469 2105 1628 2140 parcens
1648 2093 1797 2130 animae

277 2139 325 2175 17
360 2140 403 2176 S:
437 2138 648 2184 symmach.
669 2150 720 2175 or.
740 2139 810 2174 1111
834 2143 873 2176 4:
902 2139 1003 2185 fugit
1026 2140 1178 2186 repulsa
1203 2140 1383 2177 uirtutem
1505 2141 1662 2179 17—20
1688 2142 1732 2179 S:
1758 2141 1845 2178 Eur.

275 2187 319 2222 fr.
341 2190 433 2222 1029
447 2186 511 2223 N.:
551 2187 619 2222 οὐκ
652 2185 728 2222 ἔστι
757 2187 894 2233 ταύτης
925 2192 1047 2233 κτῆμα
1077 2188 1311 2234 τιμιώτερον·
1345 2189 1389 2225 οὐ
1421 2189 1491 2236 γὰρ
1524 2187 1671 2236 πέφυκε
1709 2191 1847 2226 δοῦλον

277 2234 361 2270 οὔτε
395 2232 592 2280 χρημάτων
619 2233 699 2269 οὔτ’
721 2235 910 2280 εὐγενείας
942 2235 1026 2271 οὔτε
1057 2237 1228 2277 θωπείας
1253 2235 1363 2282 ὄχλου
1509 2237 1559 2273 18
1598 2238 1643 2274 S:
1681 2236 1756 2274 Cic.
1777 2248 1844 2283 pro

278 2282 372 2318 Sest.
394 2285 456 2327 28,
477 2285 540 2317 60;
579 2281 729 2327 (uirtus)
754 2282 857 2318 lucet
886 2282 927 2318 in
957 2283 1201 2321 tenebris...
1224 2283 1472 2330 splendetque
1499 2296 1566 2331 per
1592 2295 1672 2321 sese
1699 2295 1846 2331 semper

278 2340 402 2374 neque
415 2329 549 2365 alienis
562 2340 742 2374 umquam
762 2330 934 2365 sordibus
948 2330 1152 2366 obsolescit
1230 2331 1280 2367 19
1295 2343 1348 2377 sq.
1376 2332 1421 2369 S:
1444 2332 1577 2369 Vellei.
1591 2332 1674 2369 Pat.
1688 2331 1724 2368 II
1738 2335 1783 2368 33
1799 2332 1847 2368 de

277 2376 473 2423 Pompeio:
494 2376 571 2422 qui,
588 2377 688 2422 quod
706 2377 882 2423 cupisset,
903 2377 1097 2413 arbitrio
1124 2389 1191 2414 suo
1211 2381 1425 2426 sumeret,
1446 2379 1569 2416 alieno
1590 2380 1845 2426 deponeret

398 2504 434 2537 Ω
453 2520 497 2532 ---
518 2502 1271 2550 Α’(Αα)ΒΟΒΕ(φψ)Βγὸλ’(λΖ)νπιι]
1335 2504 1354 2540 7
1381 2503 1523 2539 tiranni
1546 2504 1618 2540 Au
1709 2503 1733 2539 8
1758 2503 1846 2539 Pro-

281 2555 439 2602 spitiens
465 2569 494 2591 π
497 2567 593 2601 pram
690 2555 713 2591 9
736 2555 855 2603 slehen
880 2556 917 2591 R
967 2555 1060 2591 eheu
1083 2568 1111 2592 u
1134 2561 1177 2592 ut
1194 2558 1271 2592 uid.
1359 2557 1409 2593 10
1433 2557 1595 2593 lacesset
1613 2557 1660 2594 A‘
1686 2557 1850 2593 lacessat

278 2614 357 2646 cett.
371 2610 425 2646 As
439 2609 575 2654 schoht
590 2609 644 2645 bis
654 2610 685 2654 ()
753 2608 802 2644 12
822 2608 903 2654 iras
916 2617 946 2654 ψ
996 2609 1105 2645 cedes
1119 2609 1155 2646 A
1166 2609 1307 2655 Gyulu
1333 2611 1466 2646 caedes
1480 2615 1558 2648 cett.
1608 2610 1659 2647 13
1672 2610 1796 2647 Dulce
1808 2611 1847 2647 R

328 2661 379 2698 14
404 2661 644 2708 prosequitur
669 2663 721 2700 ὃς
745 2662 985 2708 persequitur
1009 2667 1086 2699 ceth.
1111 2664 1145 2709 ()
1278 2663 1327 2699 15
1354 2663 1480 2700 ibellis
1505 2665 1542 2700 B
1567 2663 1731 2700 imbellis
1756 2663 1844 2699 ὃλά

279 2715 432 2751 inbellis
458 2720 536 2752 cett.
615 2714 770 2751 iuuente
798 2715 845 2752 01
965 2716 1015 2751 16
1039 2714 1251 2751 Poblitibus
1276 2717 1346 2752 Βδ
1381 2717 1607 2762 Popilitibus
1632 2717 1673 2753 D
1743 2717 1847 2752 timi—

281 2769 376 2804 doue
409 2769 599 2814 A‘BDyv
620 2769 687 2805 Ac.
730 2768 938 2814 timidoque
972 2768 1184 2805 FRdz‘wu
1219 2768 1401 2817 timodoq,
1430 2770 1460 2807 Ο
1598 2782 1663 2807 uu.
1690 2769 1844 2807 17-32

282 2823 381 2858 omis.
396 2824 452 2864 B;
473 2824 508 2857 Ω
522 2840 566 2852 =
581 2822 730 2869 A'<Aa)
740 2823 812 2859 OD
822 2822 1274 2869 Ε(φψ)Βγδλ’(λῑ)νπμ
1359 2824 1407 2860 17
1436 2824 1584 2860 sordide
1600 2824 1631 2861 O
1713 2824 1762 2861 18
1788 2823 1845 2858 In-

283 2874 548 2914 contaminatis
575 2888 600 2911 ιι
610 2886 630 2914 ς
728 2875 778 2912 19
806 2875 944 2911 securis
970 2876 1023 2912 R1
1064 2886 1209 2911 secures
1235 2880 1312 2913 cett.
1333 2877 1388 2914 122
