2002 3224
282 766 323 810 Q.
350 765 553 802 HORATII
574 766 581 811 Ι
602 763 774 800 FLACCI
799 762 999 799 EPODON
1022 764 1027 809 Ι
1049 762 1213 809 LIBER,
1242 764 1248 809 Ι
1276 762 1333 798 Ex
1359 761 1634 807 antiquissimis
1661 773 1743 808 sep-

160 822 240 856 tem
265 820 458 856 codicibus
484 818 763 864 manuscriptis,
787 819 792 864 Ι
815 829 899 853 cum
926 816 1206 863 commentarijs
1237 815 1404 861 antiquis
1432 816 1655 851 emendatus
1682 815 1713 850 Sc
1735 816 1739 864 Ι

162 879 287 916 editus
318 891 433 926 opera
458 868 627 915 IACOBI
659 877 861 920 ORVQVII
892 876 1110 925 Messi—inii,
1150 877 1251 922 apud
1288 875 1516 922 Brugenseis
1554 875 1743 921 politioris

158 933 384 970 litteraturae
402 934 405 981 Ι
423 932 646 980 professoris
665 931 820 978 publici.
844 931 850 979 Ι
872 931 1051 968 Eiusdem
1069 932 1113 966 in
1130 931 1283 967 eandem
1303 931 1571 966 adnotationes.
1595 931 1601 976 Ι
1623 930 1741 965 ΑΝΤ-

159 987 392 1034 VERPIAE,
421 989 427 1034 Ι
458 987 514 1023 Ex
545 986 697 1022 officina
734 984 995 1031 christophori
1026 984 1214 1029 Plautini,
1248 985 1254 1033 Ι
1284 984 1335 1021 Μ.
1361 984 1405 1020 D.
1431 984 1577 1019 LXVII.
1606 984 1612 1031 Ι
1641 984 1743 1019 CVM

160 1040 450 1078 PRIVILEGIO.

411 1137 459 1189 Q.
480 1135 728 1180 HORATII
758 1134 968 1189 FLAGGI
996 1136 1001 1192 Ι
1029 1134 1271 1180 EPODON
1301 1135 1490 1179 LIBER.

675 1219 904 1277 p.16.IAC.
934 1229 1233 1273 ORVQVIVS.

635 1291 695 1327 De
719 1292 960 1337 inscriptione
986 1291 1075 1326 libri
1100 1287 1269 1326 ἐπωδῶν.

279 1376 315 1411 p.
338 1366 393 1401 18.
441 1393 472 1401 ..
488 1394 496 1400 .
517 1374 588 1410 ego
609 1363 710 1399 certe
735 1362 807 1398 hoc
833 1363 1055 1408 argumento
1081 1361 1214 1397 statim
1240 1361 1526 1408 subscripserim
1556 1362 1651 1408 illis,
1679 1363 1745 1408 qui

161 1417 236 1454 huc
260 1417 484 1463 inscriptum
508 1416 651 1452 vidisse
677 1427 717 1452 se
744 1416 867 1461 aiunt,
895 1415 1049 1451 Librum
1074 1415 1248 1461 quintum
1275 1417 1444 1462 odarum,
1470 1428 1518 1452 ne
1543 1416 1743 1452 Horatium

162 1470 368 1517 aliquando
395 1470 513 1506 alium
534 1471 557 1505 a
577 1481 616 1506 se
642 1469 758 1505 fuisse
783 1469 982 1504 fatendum
1009 1469 1069 1505 sit.
1115 1469 1224 1512 Quod
1247 1471 1347 1506 certe
1366 1470 1481 1506 nullis
1501 1470 1743 1518 ratio-lnibus

162 1520 257 1560 mihi
282 1536 450 1570 vnquam
472 1524 672 1570 quisquam
697 1522 930 1570 persuaserit
953 1522 1079 1569 reipsa
1103 1523 1271 1571 li-Jbrum
1297 1523 1396 1559 hunc
1422 1523 1478 1559 ita
1505 1534 1587 1559 esse
1612 1523 1744 1560 inscri-

159 1579 343 1615 bendum:
374 1590 464 1613 nam
494 1577 583 1613 huic
615 1577 785 1624 opinioni
820 1576 1065 1613 obluctantur
1096 1577 1244 1613 codices
1282 1579 1448 1622 quatuor
1478 1577 1613 1615 Bland.
1646 1578 1744 1614 anti-

162 1632 347 1678 quissimi,
372 1634 448 1668 vna
475 1643 559 1667 cum
586 1632 732 1667 duobus
759 1630 952 1666 codicibus
980 1630 1211 1666 Buslidianis
1232 1629 1263 1665 85
1284 1630 1472 1667 Carrionis
1499 1632 1580 1668 cod.
1600 1632 1640 1667 in
1660 1632 1742 1677 qui-

160 1687 231 1722 bus
252 1687 344 1722 odas
365 1688 528 1732 quatuor
546 1685 730 1721 librorum
749 1685 962 1720 inuenimus
983 1685 1152 1731 digestas
1179 1696 1246 1731 per
1267 1696 1353 1720 suas
1380 1685 1532 1732 classes,
1558 1688 1743 1731 quantum

160 1741 211 1776 ad
236 1739 450 1787 argumenti
474 1739 663 1775 rationem
687 1739 899 1787 per-ltinet:
932 1750 1022 1774 nam
1048 1739 1133 1774 aliae
1159 1739 1337 1774 dicuntur
1361 1738 1532 1786 Eroticae,
1560 1739 1644 1775 aliae
1669 1740 1743 1774 En-

158 1793 397 1840 comiasticae,
424 1793 508 1830 aliae
534 1792 778 1838 Paraneticae,
802 1792 865 1828 860.
892 1795 935 1828 vt
959 1793 1042 1828 luce
1068 1792 1208 1828 clarius
1235 1792 1295 1838 sit,
1322 1792 1409 1827 illas
1435 1792 1492 1828 ita
1519 1793 1743 1841 ordinas-[se

159 1848 257 1884 viros
284 1847 540 1894 doctissimos,
566 1846 707 1893 primos
731 1846 818 1882 illos
845 1848 1171 1893 commentatores,
1203 1857 1279 1882 cer·
1293 1846 1442 1895 ΙΙ(Ρ.19)
1458 1846 1570 1894 toque
1602 1847 1743 1883 iudicio

1188 1892 1282 1927 totius

161 1938 254 1974 odas
288 1937 336 1973 ab
369 1937 452 1974 odis
485 1948 718 1983 segregasse.
773 1937 893 1982 Atqui
926 1938 1055 1973 tamen
1086 1948 1162 1972 non
1192 1936 1355 1983 legimus
1386 1936 1427 1972 in
1458 1936 1517 1972 his
1557 1937 1743 1973 classibus

162 1991 292 2037 aliqua
323 1991 434 2027 huius
466 1991 556 2026 libri
587 1991 801 2039 carmi-Ina,
834 1993 902 2027 aut
927 1990 1128 2037 contineri,
1162 1991 1229 2026 aut
1254 1989 1331 2025 illis
1358 1991 1614 2027 annumerari:
1641 1991 1744 2036 quod.

159 2045 328 2091 profecto
362 2045 410 2080 ab
435 2044 514 2081 illis
545 2044 636 2081 viris
667 2044 811 2081 factum
842 2044 992 2089 fuisset,
1027 2044 1077 2090 si,
1112 2046 1196 2080 cum
1222 2044 1281 2079 illi
1306 2044 1362 2080 rei
1387 2055 1541 2090 operam
1568 2045 1744 2093 da—flrent,

164 2101 230 2135 aut
255 2100 413 2135 odarum
437 2110 574 2134 nomen
598 2098 639 2133 in
662 2098 735 2134 hoc
759 2098 856 2134 libro
883 2098 1140 2145 agnouissent,
1168 2100 1235 2134 aut
1260 2098 1306 2134 de
1334 2098 1465 2145 epodis
1490 2110 1567 2135 non
1591 2099 1741 2145 rectius,

161 2155 274 2199 quam
301 2164 388 2199 nos,
415 2152 639 2198 sensissent;
670 2154 713 2188 vt
737 2152 942 2199 omit-{tam
967 2152 1097 2197 aliqua
1121 2152 1234 2188 huius
1259 2152 1349 2188 libri
1375 2152 1559 2199 carmina,
1594 2154 1633 2189 in
1665 2153 1743 2188 iam

161 2206 274 2243 dictis
306 2206 528 2255 codici-[bus
561 2205 723 2242 inueniri
754 2208 906 2252 neutro,
936 2206 998 2243 vel
1030 2205 1137 2254 ᾠδῶν
1168 2206 1230 2242 vel
1262 2203 1419 2254 ἐπῳδῶν
1450 2206 1635 2253 insignita
1664 2208 1739 2254 κιο-Ι

162 2261 276 2307 mine,
302 2261 369 2297 sed
393 2260 557 2307 proprijs
584 2259 661 2295 suis
687 2258 906 2306 epigraphis
933 2261 1121 2305 separata,
1148 2260 1250 2305 quod
1274 2259 1315 2295 in
1339 2259 1459 2307 li-fflbri
1482 2261 1604 2307 ipsius
1630 2272 1742 2307 expo-

159 2315 295 2350 sitione
322 2313 674 2350 demonstrabimus.
712 2313 825 2349 Porro
853 2313 885 2348 si
910 2313 995 2358 quis
1022 2313 1126 2349 dicat
1150 2314 1220 2349 has
1245 2313 1426 2360 rationes,
1451 2326 1632 2361 magnam
1661 2315 1742 2360 qui-

161 2369 246 2405 dem
271 2369 351 2405 veri
382 2368 422 2404 in
454 2379 535 2405 sese
567 2368 736 2415 ha-lbere
769 2367 1069 2414 similitudinem,
1101 2368 1168 2403 sed
1192 2367 1382 2404 neminem
1409 2369 1453 2403 eo
1479 2379 1623 2414 cogere,
1649 2370 1691 2405 vt
1718 2370 1740 2404 ἐι

161 2434 229 2459 sua
255 2422 445 2459 sententia
471 2422 660 2459 discedat:
686 2421 775 2457 huic
796 2432 865 2457 nos
885 2421 1170 2467 opposuerimus
1197 2422 1492 2470 argumen-{tum
1519 2422 1636 2468 aliud,
1662 2425 1743 2458 tam

158 2476 339 2522 validum,
366 2478 408 2513 vt
431 2487 508 2512 non
533 2475 732 2521 sententijs
759 2475 926 2511 omnium
950 2475 1074 2521 modo,
1101 2475 1169 2511 sed
1189 2474 1219 2510 ἃ
1248 2475 1385 2522 studijs
1411 2476 1484 2512 hoc
1509 2476 1742 2525 confidamus

158 2529 207 2566 iri
231 2530 494 2577 coprobatum:
526 2530 637 2566 tanta
662 2531 719 2565 est
744 2529 847 2565 illius
874 2528 905 2563 86
930 2530 1011 2564 tam
1036 2529 1252 2566 veneranda
1278 2529 1500 2575 antiquitas.
1545 2530 1615 2566 has
1642 2530 1743 2566 enim

159 2583 424 2630 inscriptiones
451 2583 737 2629 antiquissimas
758 2583 798 2618 in
824 2582 1017 2619 codicibus
1043 2582 1255 2629 Blandinijs
1281 2582 1313 2617 83
1339 2582 1561 2619 Buslidiano
1587 2594 1660 2619 vno
1687 2583 1742 2618 in-

160 2637 342 2683 uenimus,
369 2648 462 2682 quas
490 2649 535 2673 ex
558 2637 802 2683 fragmentis,
833 2637 922 2671 hinc
947 2636 1179 2683 litterarum,
1210 2636 1316 2672 illinc
1342 2635 1551 2672 dictionum
1576 2636 1676 2672 inter
1701 2648 1742 2673 se

160 2691 314 2726 tandem
339 2691 510 2739 ma-lgna
535 2702 626 2727 cura
651 2702 903 2726 connexarum
929 2692 1073 2736 erutas,
1099 2690 1161 2725 hic
1186 2689 1467 2736 adscripsimus,
1512 2689 1740 2738 Ni-lmirum,

161 2743 225 2780 Ad
249 2743 423 2780 Pettium.
474 2743 541 2791 (sic
571 2744 716 2780 habent
747 2746 910 2790 quatuor
943 2743 1090 2779 codices
1116 2742 1251 2780 Bland.
1278 2742 1309 2778 sc
1333 2743 1436 2780 Busl.
1462 2755 1538 2779 non
1562 2745 1742 2790 Pectium,

160 2799 203 2833 vt
226 2796 370 2843 passim
394 2796 561 2843 legitur,)
587 2799 631 2834 de
654 2799 844 2846 Ina-[chia
876 2810 985 2844 quam
1017 2799 1206 2845 diliyebat,
1232 2799 1378 2844 Epodos
1402 2798 1639 2845 eleyiambiea
1663 2800 1743 2835 siue

159 2851 453 2898 eleyoiam-'3biea
491 2851 664 2897 Rursum,
691 2853 741 2888 In
766 2854 980 2889 Gratidiam
1005 2853 1190 2888 mulierem
1221 2852 1358 2895 foedam
1388 2863 1433 2888 ae
1463 2853 1741 2899 libidi·{nosam,

161 2906 313 2951 Epodos
332 2905 506 2941 Heroica.
545 2905 750 2952 Postremo,
770 2907 832 2942 Ad
851 2908 987 2942 amicos
1009 2906 1180 2950 ComicOS,
1207 2906 1359 2952 Epodos
1379 2906 1599 2953 lambeleya.
1652 2906 1741 2950 Quae
1792 2911 1795 2915 '
