2002 3224
285 136 371 179 184
751 116 754 120 ’
825 136 1013 173 HORATI
1037 136 1300 174 CARMINVM

459 248 560 289 mala
592 250 686 289 uino
718 248 852 288 lauere
884 249 952 288 aut
983 249 1200 289 exanimari
1231 251 1447 290 metuentis

521 325 686 373 patruae
718 319 886 360 uerbera
917 319 1087 372 linguae.

467 391 540 431 tihi
573 392 732 444 qualum
765 391 981 444 Cythereae
1013 404 1114 444 puer
1144 392 1242 446 ales,
1273 392 1348 432 tibi
1379 393 1479 433 telas

465 475 734 516 operosaeque
767 463 969 503 Mineruae
1002 463 1177 504 studium
1210 464 1356 519 aufert,
1388 464 1581 520 Neobule,
1833 474 1853 509 5

523 533 709 587 Liparaei
741 536 847 574 nitor
877 534 1019 589 Hebri,

284 767 529 814 discriptione
549 768 725 805 carminis
746 769 994 805 consentiunt·
1004 781 1089 805 cum
1107 769 1306 806 Pseudacr.
1327 772 1366 807 et
1383 770 1442 807 tit.
1458 772 1537 808 BG
1605 772 1626 808 1
1644 784 1697 818 sq.
1720 773 1855 819 ‘neque

284 815 387 853 dulci
412 816 515 852 mala.
540 816 629 852 uino
650 846 658 854 .
675 846 682 853 .
698 846 706 854 .
727 816 949 853 miserarum
974 838 1018 843 —
1044 817 1190 853 ludum’
1279 818 1327 865 T:
1353 818 1504 856 Fortun.
1524 831 1560 865 p.
1581 823 1650 856 289
1770 821 1855 859 mis.

284 874 389 900 exau.
422 865 528 911 met]
567 865 610 901 S:
648 864 730 902 Ter.
767 864 877 902 Andr.
912 868 998 901 251:
1039 875 1099 900 me
1135 864 1346 901 miseram
1383 866 1670 903 exanimauit
1703 870 1808 905 metu

284 910 387 946 dulci
404 911 510 959 uino]
537 912 580 948 S:
607 911 715 948 Hom.
737 911 804 947 Od.
821 911 874 947 III
893 915 954 949 46:
982 910 1175 958 μελιηδέος
1195 913 1300 948 οἴνου
1376 914 1513 959 ‘neque
1533 913 1636 951 dulci
1649 936 1693 942 —
1707 915 1851 954 lauere’

281 960 325 996 T:
353 959 455 995 Seru.
477 960 526 994 ad
545 959 685 996 Aen.X
706 962 774 1004 727
889 959 927 995 1.
953 959 977 995 3
1004 960 1047 997 S:
1073 959 1184 996 Prud.
1206 960 1334 1006 apoth.
1354 964 1442 998 404:
1469 962 1619 1007 agitant
1643 962 1856 1000 miserum

281 1007 340 1042 tot
365 1006 559 1042 uerbera.
583 1006 772 1052 linguae
870 1007 891 1043 1
925 1008 966 1044 T:
993 1007 1134 1044 Victor.
1154 1020 1189 1054 p.
1211 1011 1266 1044 53.
1294 1012 1350 1045 64.
1378 1012 1435 1046 91.
1462 1013 1529 1046 169
1586 1009 1706 1047 Diom.
1726 1023 1762 1058 p.
1783 1015 1854 1048 510

283 1055 323 1089 et
346 1057 415 1089 525
477 1054 618 1091 Victor.
640 1054 687 1090 de
712 1066 760 1090 m.
780 1054 868 1091 Hor.
889 1067 924 1100 p.
947 1058 1013 1090 181
1030 1066 1084 1100 sq.
1185 1055 1420 1092 ‘miserarum
1447 1078 1490 1083 —-
1516 1057 1662 1093 ludum’
1689 1058 1732 1096 T:
1757 1058 1855 1096 Plot.

280 1113 316 1147 p.
340 1105 408 1138 542
466 1101 567 1138 Seru.
596 1102 641 1138 de
667 1114 715 1139 m.
735 1102 824 1140 Hor.
850 1102 920 1144 1111
938 1114 975 1148 p.
995 1107 1063 1138 471
1144 1103 1189 1139 cf.
1210 1103 1350 1139 Victor.
1371 1116 1407 1150 p.
1430 1108 1514 1141 146:
1546 1104 1766 1142 miserarum
1796 1109 1856 1143 est

282 1160 352 1185 nec
377 1160 503 1185 amore
527 1160 597 1185 nec
622 1149 747 1185 furore
771 1149 881 1193 tangi
949 1150 1067 1186 amori
1092 1150 1181 1186 dare
1201 1150 1347 1199 ludum]
1375 1152 1417 1189 S:
1443 1151 1565 1189 Plaut.
1587 1153 1721 1191 Bacch.
1743 1157 1853 1192 1083:

282 1196 452 1241 desidiae
477 1197 586 1233 dare
612 1197 767 1232 ludum
796 1199 809 1244 ΙΙ
835 1197 908 1233 Cic.
934 1208 1001 1243 pro
1029 1197 1156 1234 Caelio
1184 1201 1316 1243 12,28;
1343 1199 1480 1235 datur
1574 1199 1710 1237 ludus
1735 1202 1855 1239 aetati

328 1244 352 1280 2
370 1245 567 1290 sq.·‘met.
595 1266 639 1271 —
665 1244 839 1291 linguae'
874 1246 917 1282 T:
957 1245 1071 1281 schol.
1103 1245 1204 1281 Pers.
1232 1250 1270 1291 1,
1292 1250 1335 1281 11
1375 1246 1601 1295 [Censorini]
1639 1247 1772 1294 fragm.
1807 1249 1854 1287 de

280 1294 387 1328 metr.
420 1304 455 1338 p.
477 1296 546 1328 613
579 1294 618 1328 et
646 1296 715 1328 616
842 1293 866 1328 3
898 1293 941 1329 S:
973 1292 1087 1330 Prisc.
1119 1304 1196 1338 per.
1225 1297 1334 1330 1034:
1372 1293 1558 1339 psittacus
1666 1295 1854 1333 humanae

287 1339 443 1375 simulat
468 1339 533 1384 qui
559 1340 717 1375 uerbera
741 1339 895 1386 linguae
915 1342 926 1386 11
945 1340 1082 1376 Publil.
1109 1341 1187 1386 Syr.
1210 1344 1279 1376 284
1293 1341 1370 1378 W.:
1396 1341 1581 1387 ingenuus
1607 1342 1754 1379 animus
1777 1355 1854 1381 non

279 1387 354 1423 fert
384 1388 511 1423 uocis
545 1387 738 1423 uerbera
771 1389 783 1434 Η
817 1387 999 1424 Mani1.V
1024 1392 1111 1423 449:
1144 1387 1327 1424 tutorisue
1359 1388 1599 1435 supercilium
1637 1390 1854 1437 pati-uiue

207 1450 217 1454 ⁷
279 1435 441 1480 rigorem
604 1434 698 1480 4sq.
726 1435 768 1472 S:
810 1435 950 1482 Sapph.
971 1435 1014 1470 fr.
1036 1439 1081 1471 90
1095 1436 1154 1472 B.:
1186 1435 1339 1482 γλύκεια
1374 1442 1507 1483 μᾶτερ,
1547 1437 1649 1474 οὔτοι
1686 1438 1854 1486 δύναμαι

280 1480 418 1529 κρέκην
452 1482 518 1518 τὸν
552 1483 671 1527 ἴστον,
704 1481 815 1530 πόθῳ
842 1482 1002 1529 ὃάμεισα
1032 1485 1169 1524 παῖδος
1195 1484 1380 1537 βροιδίναν
1406 1483 1459 1520 δι’
1479 1483 1699 1532 Ἀφρόδιταν
1717 1487 1730 1534 fl
1748 1485 1852 1525 anth.

278 1530 358 1584 ξολ.
373 1530 424 1566 VI
444 1533 489 1565 48
520 1531 533 1576 ΙΙ
575 1530 658 1566 Sen.
686 1529 844 1567 Phaedr.
873 1534 940 1566 103
955 1542 1027 1576 sq.:
1066 1530 1277 1566 Palladls
1315 1531 1438 1586 telae
1474 1534 1644 1569 uacant
1680 1535 1720 1570 et
1753 1533 1854 1570 inter

278 1588 526 1662 {pisiagup'ensa
550 1577 731 1613 labuntur
755 1588 889 1614 manus
997 1578 1021 1615 5
1059 1578 1230 1615 Neobule
1257 1589 1302 1615 ex
1326 1579 1538 1617 Archlloch.
1565 1579 1608 1618 fr.
1631 1584 1675 1617 ’13
1694 1582 1852 1646 sumpta.

397 1853 432 1886 Ω
453 1869 497 1882 =
517 1851 1223 1899 A'(Aa)BOF(q>1p)RyM‘(21)2-cvu]

276 1910 408 1956 Neque
446 1931 491 1938 -—
529 1911 746 1947 Exanimari
773 1933 818 1938 -—
844 1911 1012 1947 Verbera
1045 1929 1090 1938 —-
1121 1911 1207 1947 Tibi
1238 1933 1282 1938 —-
1315 1911 1403 1947 Tibi
1436 1933 1480 1938 -
1513 1911 1688 1948 Studium
1712 1933 1758 1940 —-
1783 1913 1850 1949 Ni-

274 1966 335 2000 tor
361 1984 405 1991 —-
432 1963 550 2001 Simul
576 1987 620 1991 —
646 1964 758 2000 Lauit
784 1986 828 1991 —
847 1965 941 2001 Bell.
963 1986 1007 1991 —
1029 1965 1142 2012 Segni
1163 1987 1206 1992 -—
1227 1965 1340 2001 Catus
1361 1986 1405 1992 -
1427 1964 1583 2012 Agitato
1608 1986 1657 1992 -
1675 1965 1783 2003 Celer
1802 1988 1846 1995 -

275 2017 457 2063 Excipere
488 2017 596 2063 ὃλ’π,
632 2020 717 2055 item
747 2019 823 2054 nisi
854 2020 950 2065 quod
979 2018 1099 2064 Pede,
1134 2031 1209 2055 non
1240 2018 1371 2065 Segni,
1395 2031 1422 2055 u
1447 2020 1495 2066 (et
1519 2018 1614 2065 Liv)
1734 2021 1849 2058 secuti

274 2083 400 2108 sumus
427 2071 580 2109 Omistii
605 2073 765 2109 libellum
791 2073 1009 2108 ‘Verskunst
1034 2073 1096 2109 des
1120 2072 1262 2109 Horaz’
1279 2084 1319 2118 p.
1338 2075 1382 2108 38
1403 2073 1437 2118 ()

395 2137 417 2172 1
456 2136 679 2174 Miserorum
711 2140 730 2173 λ
775 2137 973 2174 ,iserarum
1005 2139 1028 2172 δ
1123 2148 1193 2173 nec
1226 2137 1344 2173 amori
1368 2137 1434 2184 Ry
1459 2139 1566 2175 schol.
1585 2152 1607 2185 γ
1633 2139 1747 2176 altero
1772 2140 1848 2178 loeo

274 2201 395 2235 neque
433 2201 466 2226 a.
504 2195 582 2227 cett.
615 2192 721 2228 schol.
735 2205 757 2237 γ
790 2192 904 2227 altero
938 2191 1012 2227 loco
1039 2191 1236 2228 Pseudaer.
1264 2191 1475 2227 Victorinus
1501 2191 1800 2229 Fortwnatiwmoe

275 2243 358 2278 dari
376 2255 421 2279 π1
520 2244 543 2279 2
557 2256 606 2291 sq.
641 2244 799 2280 animari
815 2265 858 2271 —
874 2244 1027 2290 linguae
1059 2246 1159 2282 omis.
1177 2245 1214 2280 B
1244 2246 1286 2281 in
1317 2249 1505 2289 contextu,
1541 2246 1604 2282 sed
1637 2246 1775 2283 adsunt
1804 2248 1847 2283 in

274 2298 431 2334 eiusdem
468 2299 543 2334 cod.
582 2299 805 2344 expositione
841 2299 992 2338 metrica
1133 2298 1156 2333 2
1198 2297 1416 2334 Exanim'ari
1446 2299 1501 2344 R,
1533 2298 1758 2335 Exanimare
1789 2300 1845 2337 121

272 2390 316 2423 ut
339 2388 416 2423 uid.
443 2386 662 2423 Examinari
687 2388 700 2423 l
735 2361 957 2422 rixanimari
974 2400 1002 2423 π
1109 2387 1311 2423 metuentis
1336 2387 1717 2434 BR131mazpr.(?)
1736 2381 1844 2425 schol.

275 2440 373 2476 Pers.
395 2440 664 2488 [Censorinus]
690 2442 733 2477 de
757 2441 881 2477 metris
904 2439 957 2475 VI
975 2451 1016 2487 p.
1039 2444 1106 2476 613
1132 2446 1165 2477 et
1184 2453 1224 2487 p.
1253 2445 1320 2476 616
1337 2442 1387 2477 K.
1425 2441 1628 2478 metuentis
1652 2442 1689 2478 A
1725 2444 1845 2478 metu-

274 2519 378 2552 entes
405 2521 483 2554 cett.
505 2518 560 2554 112
569 2518 783 2564 ezzcorrffl
804 2517 871 2554 Ae.
890 2518 1130 2562 Terentianus
1143 2518 1444 2555 Fortunatianus
1564 2518 1588 2554 3
1614 2504 1738 2567 patrie
1772 2519 1844 2556 Απ

271 2570 419 2616 patriae
433 2584 462 2617 φ
485 2570 703 2607 Censorinus
710 2583 750 2617 p.
766 2574 835 2607 613
909 2571 1068 2607 uerbera
1086 2571 1238 2617 linguae
1251 2573 1352 2608 omis.
1370 2571 1427 2617 01,
1446 2573 1595 2608 addidit
1613 2573 1678 2619 qni
1695 2574 1844 2610 titulum

272 2625 420 2670 scripsit
510 2622 533 2659 4
561 2623 763 2670 cythareae
789 2624 858 2660 A'v
896 2624 1085 2661 cithereae
1103 2637 1130 2661 u
1167 2625 1336 2674 cytherep
1354 2625 1392 2662 R
1430 2625 1640 2671 cythaereae
1659 2627 1683 2662 δ
1754 2626 1844 2663 alaes

273 2682 393 2714 aante
405 2689 478 2714 ras.
576 2677 665 2726 tibi]
695 2677 780 2715 Tibi
805 2679 829 2713 ὃ
900 2677 999 2727 telas
1025 2676 1067 2714 F
1185 2677 1272 2725 4sq.
1299 2677 1372 2713 tibi
1397 2678 1494 2714 telas
1520 2689 1750 2725 operoseque
1773 2679 1842 2729 mi7

272 2742 385 2779 nerue
412 2731 480 2775 Rs,
504 2732 604 2767 omis.
625 2731 681 2768 131
779 2731 802 2767 5
829 2731 984 2780 aussfert
1007 2732 1045 2768 R
1116 2726 1276 2767 neobule
1304 2732 1440 2768 (1an
1477 2731 1657 2777 neobules
1684 2734 1722 2769 B
1754 2743 1842 2769 neo-

273 2783 361 2830 bulg
388 2798 409 2830 γ
446 2783 606 2820 neobole
631 2787 683 2821 λα
719 2784 902 2820 neobolae
928 2785 1012 2821 Avi
1048 2785 1208 2821 neubole
1233 2798 1260 2821 u
1295 2785 1433 2820 nobule
1458 2786 1495 2821 R
1556 2815 1559 2817 .
1618 2785 1643 2822 6
1667 2785 1842 2831 Liparaei

195 2868 198 2875 ,
272 2836 387 2883 nitor]
413 2837 536 2886 len,t0r
561 2839 595 2883 (e
621 2839 662 2873 in
686 2838 700 2873 i
723 2843 868 2875 mutata
891 2840 956 2884 est)
982 2839 1018 2874 B
1090 2837 1223 2884 liparis
1245 2839 1276 2875 G
1302 2838 1435 2884 liparis
1454 2852 1478 2876 a
1512 2839 1647 2886 liparei
1665 2840 1775 2877 etiam
1792 2836 1843 2887 R,

272 2890 334 2927 sed
358 2889 371 2924 i
395 2891 497 2935 final.
517 2892 560 2927 in
583 2902 655 2928 ras.
693 2891 830 2938 liparei
855 2895 932 2929 cett.
952 2893 1031 2928 uid.
1051 2892 1195 2940 Epileq.
