2002 3224
309 122 373 192 80·
856 150 1042 186 HORATI
1068 150 1334 187 CARMINVM

653 263 888 301 insanientis
920 261 1014 300 dum
1047 262 1262 313 sapientiae

716 332 920 372 consultus
953 344 1062 385 erm,
1094 344 1199 372 nunc
1231 337 1452 372 retrorsum

775 403 864 443 uela
896 403 990 443 dare
1022 407 1139 456 atque
1172 405 1317 443 iterare
1350 416 1492 443 cursus

657 487 776 527 cogor
806 474 987 514 relictos:
1018 487 1189 527 namque
1220 475 1430 528 Diespiter,
1861 486 1881 517 5

654 547 737 598 igni
769 558 935 586 corusco
966 545 1102 586 nubila
1137 546 1321 586 diuidens

713 617 966 671 plerumque,
997 630 1069 670 per
1099 630 1244 670 purum
1275 620 1450 658 tonantis

773 691 854 742 egit
885 701 1008 741 equos
1039 689 1322 742 uolucremque
1356 702 1539 743 currum,

656 773 732 813 quo
765 761 880 800 bruta
912 760 1030 800 tellus
1062 766 1102 800 et
1132 773 1231 812 uaga
1263 761 1445 814 flumina,

656 845 732 885 quo
767 832 861 884 Styx
894 837 933 871 et
963 833 1086 871 inuisi
1117 832 1278 871 horrida
1310 832 1478 871 Taenari
1840 840 1882 872 10

717 903 832 943 sedes
863 903 1150 955 Atlanteusque
1183 903 1274 942 finis

777 976 1014 1014 concutitur.
1058 974 1164 1014 ualet
1197 976 1274 1014 ima
1307 975 1472 1014 summis

425 1113 518 1158 2sq.
551 1114 593 1150 S:
625 1113 773 1150 Petron.
800 1117 863 1150 88:
902 1113 968 1148 ubi
994 1112 1205 1158 sapientiae
1238 1111 1517 1148 consultissima
1550 1111 1613 1157 (al.
1652 1111 1878 1157 cultissima)

306 1160 371 1196 uia
490 1160 514 1196 2
542 1162 584 1198 S:
612 1161 698 1198 Eur.
718 1161 854 1196 Bacch.
875 1165 962 1197 395:
988 1161 1029 1196 τὸ
1056 1160 1179 1206 σοφὸν
1205 1158 1242 1195 δ’
1266 1161 1310 1195 οὐ
1337 1161 1454 1206 σοφία
1569 1159 1668 1195 3-5
1696 1160 1810 1195 ‘nunc
1836 1181 1880 1186 --

306 1208 473 1245 relictos'
508 1209 551 1245 T:
584 1208 741 1254 Eutych.
762 1221 797 1254 p.
818 1213 905 1253 4813
945 1209 1033 1243 sunt
1064 1207 1129 1253 qui
1160 1207 1406 1243 Prudentium
1438 1207 1531 1242 haec
1562 1207 1643 1253 (sed
1676 1206 1880 1254 ‘relectos’‚

309 1267 384 1292 non
413 1256 615 1302 ‘relictos’)
639 1256 830 1291 imitatum
850 1267 932 1291 esse
952 1256 1108 1291 credant
1127 1255 1256 1301 apoth.
1278 1258 1481 1290 101-103:
1509 1254 1612 1299 quid,
1639 1266 1724 1290 cum
1743 1254 1881 1291 sancti—

306 1304 441 1349 loquus
475 1303 650 1340 reuoluto
682 1303 849 1350 germine
882 1304 1003 1339 Lucas
1042 1315 1188 1338 sursum
1220 1314 1349 1337 uersus
1382 1301 1464 1348 agit
1495 1301 1643 1348 seriem,
1677 1301 1881 1339 scandente

306 1351 455 1397 nepotis
475 1362 642 1397 corpore,
663 1362 804 1396 perque
824 1352 958 1386 atauos
979 1363 1156 1386 cursum
1181 1350 1420 1396 relegente
1439 1350 1635 1385 uetustos?
1653 1350 1666 1395 ss
1683 1350 1880 1395 praeterea

307 1399 504 1435 conferunt
521 1399 672 1434 Paulin.
688 1399 828 1434 XVIIII
847 1402 917 1434 600
932 1410 1029 1443 sqq:
1057 1398 1231 1442 diximus,
1259 1400 1301 1432 ut
1319 1397 1468 1443 fugiens
1490 1407 1566 1432 non
1584 1396 1736 1444 fugerit,
1762 1398 1879 1443 utque

306 1446 470 1482 redactis
502 1446 676 1492 passibus
714 1457 883 1482 emensos
916 1458 985 1481 sua
1016 1457 1082 1491 per
1118 1444 1283 1490 uestigia
1315 1456 1473 1480 cursus
1511 1444 1701 1480 ineassum
1724 1444 1878 1480 *totiens

306 1494 483 1530 uoluente
508 1493 736 1540 relegerit
760 1505 843 1529 orso
977 1493 1001 1528 3
1029 1492 1236 1528 ‘consultus
1263 1514 1307 1518 —-
1333 1493 1378 1528 r.'
1410 1493 1453 1528 T:
1480 1491 1622 1528 Victor.
1648 1491 1694 1528 de
1719 1504 1768 1527 m.
1789 1492 1877 1529 Hor.

305 1554 342 1587 p.
364 1545 432 1577 180
518 1541 542 1577 4
570 1541 671 1577 ‘uela
692 1563 739 1567 -
759 1542 804 1576 c.’
833 1542 875 1577 T:
903 1540 1043 1576 Victor.
1065 1541 1111 1576 de
1131 1553 1179 1576 m.
1200 1540 1288 1576 Hor.
1308 1552 1344 1585 p.
1367 1543 1435 1575 180
1524 1539 1564 1577 5.
1587 1540 1606 1575 7
1623 1551 1677 1585 sq.
1700 1539 1877 1585 ‘namque

306 1589 497 1635 Diespiter
515 1589 739 1634 plerumque
754 1611 797 1614 —
814 1589 943 1633 equos’
966 1589 1008 1625 T:
1031 1588 1132 1624 Seru.
1148 1588 1197 1623 ad
1210 1587 1416 1623 Aen.VIIII
1430 1591 1497 1622 572
1594 1587 1618 1623 6
1645 1588 1688 1624 S:
1709 1587 1777 1624 Ou.
1791 1587 1881 1624 fast.

307 1636 359 1672 VI
373 1640 441 1672 635
457 1639 495 1672 et
508 1637 603 1673 Stat.
623 1637 680 1673 s.I
701 1641 733 1681 5,
755 1640 775 1671 6
791 1649 844 1681 sq.
871 1647 1045 1671 coruscus
1070 1635 1170 1678 ignis
1185 1653 1229 1665 =
1242 1635 1386 1670 fulmen
1482 1634 1505 1670 8
1533 1635 1576 1672 S:
1602 1634 1699 1670 Plat.
1718 1634 1878 1671 Phaedr.

307 1697 343 1730 p.
371 1688 440 1720 246
461 1684 520 1721 Ε.ε
566 1686 657 1725 Ζεὺς
696 1681 861 1720 ἐλαύνων
898 1683 1042 1729 πτηνὸν
1080 1682 1180 1729 ἅρμα
1217 1684 1229 1728 ΙΙ
1266 1683 1376 1718 Prud.
1410 1684 1541 1718 contra
1580 1682 1718 1728 Symm.
1749 1682 1784 1718 Π
1815 1685 1878 1719 55:

307 1731 478 1777 raptauit
503 1732 678 1767 iuuenem
710 1731 890 1767 uolucri
921 1742 989 1777 per
1013 1731 1127 1766 litora
1159 1742 1291 1765 curru
1411 1729 1540 1765 9-12
1566 1729 1654 1765 Hor.
1681 1729 1743 1765 hic
1767 1729 1878 1766 Hom.

308 1780 350 1816 Il.
371 1780 405 1814 H
432 1783 618 1814 781—783
644 1779 816 1815 imitatus
842 1781 917 1824 est,
947 1778 1014 1814 sed
1039 1778 1095 1814 ita
1119 1779 1162 1813 ut
1185 1789 1253 1823 pro
1279 1777 1458 1822 Typhoeo
1484 1777 1696 1812 Taenarum
1720 1778 1878 1822 poneret

307 1827 461 1872 eiusque
487 1827 599 1868 εὐνάς
625 1827 673 1862 ad
695 1826 845 1863 Homeri
868 1825 1158 1871 descriptionem
1176 1825 1218 1860 Il.
1240 1825 1306 1860 XX
1326 1829 1370 1860 65
1392 1824 1652 1868 adumbraret3
1677 1825 1875 1870 praeterea.

306 1874 456 1920 ignotos
490 1874 655 1921 Ἀρίμους
697 1875 737 1910 in
773 1875 937 1910 notiores
978 1872 1160 1920 τέρμονας
1193 1871 1443 1912 Ἀτλαντικούς
1479 1871 1672 1918 Euripidis
1709 1871 1878 1908 mutauit

308 1922 496 1968 (Arnoldt)
594 1923 635 1959 S:
664 1923 727 1958 Sil.
750 1922 782 1957 V
808 1925 877 1956 384
892 1933 992 1966 sqq.:
1019 1923 1072 1956 sic
1098 1920 1164 1955 ubi
1185 1949 1192 1957 .
1210 1949 1216 1956 .
1233 1948 1241 1956 .
1261 1919 1431 1955 nimbum
1456 1918 1574 1954 illidit
1591 1918 1702 1954 terris
1722 1919 1877 1956 molitus

308 1970 478 2015 Iuppiter
503 1970 603 2005 altas
622 1969 779 2004 fulmine
798 1980 897 2004 nunc
916 1970 1044 2014 Alpes,
1066 1979 1165 2003 nunc
1184 1968 1303 2002 mixta
1324 1966 1508 2003 Ceraunia
1527 1966 1632 2002 caelo
1651 1966 1878 2002 intremuere

308 2017 420 2052 simul
450 2017 562 2052 tellus
595 2019 633 2052 et
663 2018 800 2062 pontus
834 2019 873 2052 et
903 2016 1034 2051 aether
1064 2015 1222 2061 ipsaque
1249 2016 1433 2050 commoto
1467 2013 1690 2059 quatiuntur
1719 2013 1878 2050 Tartara

307 2065 446 2099 mundo
466 2066 478 2110 11
498 2064 580 2100 Seu.
601 2064 707 2099 Herc.
730 2064 799 2099 fur.
821 2067 908 2099 657:
935 2064 1014 2098 fare
1041 2074 1148 2098 casus
1174 2062 1385 2098 horridos
1411 2063 1423 2108 ΙΙ
1444 2065 1536 2098 1056
1562 2062 1601 2097 et
1625 2073 1743 2108 uaga
1767 2061 1877 2108 ponti
1901 2081 1904 2083 -

308 2111 459 2147 mobilis
485 2112 604 2146 unda
622 2114 634 2158 11
653 2115 859 2151 662—664:
887 2111 1074 2156 Spartana
1098 2110 1241 2146 tellus
1266 2109 1392 2145 nobile
1413 2108 1559 2145 attollit
1582 2109 1724 2155 iugum,
1751 2109 1876 2145 densis

309 2158 375 2194 ubi
401 2170 541 2204 aequor
565 2159 798 2194 Taenarus
825 2158 932 2194 siluis
956 2158 1110 2204 premit3
1137 2157 1198 2193 hic
1224 2169 1289 2193 ora
1315 2156 1430 2192 soluit
1451 2157 1551 2192 Ditis
1575 2156 1719 2192 inuisi
1744 2157 1878 2193 domus

309 2207 332 2242 9
362 2208 415 2242 ‘et
438 2207 552 2242 bruta
577 2207 706 2242 tellus’
748 2208 791 2243 T:
831 2206 932 2242 Seru.
960 2206 1010 2241 ad
1034 2205 1126 2241 Aen.
1153 2206 1186 2241 X
1213 2209 1280 2240 102
1379 2205 1424 2240 cf.
1450 2204 1561 2240 Pauli
1585 2203 1675 2250 epit.
1696 2215 1741 2240 ex
1765 2204 1877 2240 Festo

308 2267 343 2300 p.
365 2258 407 2289 31
424 2254 491 2290 M.=
518 2255 671 2289 brutum
698 2254 846 2298 antiqui
871 2264 1026 2299 grauem
1052 2253 1231 2289 dicebant
1351 2253 1401 2289 10
1426 2251 1542 2287 inuisi
1566 2251 1743 2299 Taenari]
1768 2251 1875 2290 Hom.

307 2302 348 2337 Il.
370 2303 437 2337 XX
464 2306 509 2338 64
523 2314 594 2346 sq.:
634 2300 735 2338 οἰκία
756 2331 786 2338 ..
804 2330 811 2337 .
833 2300 1044 2347 σμερδαλέ’,
1077 2301 1278 2345 εὐρώεντα,
1316 2299 1362 2335 τά
1393 2313 1432 2335 τε
1465 2297 1658 2346 στυγέουσι
1687 2297 1776 2335 θεοί
1805 2312 1876 2346 περ

309 2350 357 2384 11
398 2350 440 2387 S:
476 2350 560 2386 Eur.
580 2349 731 2395 Hippol.
752 2354 773 2384 3
794 2351 832 2385 et
853 2352 961 2385 1053:
1000 2347 1189 2395 τερμόνων
1220 2347 1254 2383 τ’
1279 2347 1518 2384 Ἀτλαντικῶν
1640 2346 1690 2383 12
1712 2358 1793 2392 sqq.
1832 2347 1877 2384 S:

428 2506 522 2540 ,Ως
542 2503 1142 2549 ΑΟΒΓ(φψ)Βγδλ’(λῐ)παα]
1262 2501 1285 2536 2
1320 2501 1509 2549 sapiencie
1535 2504 1554 2536 λ
1673 2501 1698 2536 3
1730 2511 1812 2536 erro
1836 2502 1879 2537 in

309 2571 381 2596 ras.
402 2572 429 2594 π
497 2559 681 2593 retrorsus
707 2571 728 2603 γ
759 2559 943 2592 retrosum
968 2557 1008 2592 D
1038 2557 1240 2591 retrorsum
1259 2559 1336 2591 cett.
1352 2555 1538 2601 Eutyches
1551 2554 1617 2590 Ac.
1714 2553 1739 2591 4
1764 2553 1878 2590 itera-

308 2624 391 2648 rare
416 2612 469 2648 Αι
574 2611 598 2647 5
623 2610 774 2647 relictos
801 2612 836 2645 Ω
850 2610 944 2656 Pph.
959 2610 1142 2656 Eutyches
1178 2608 1337 2644 relectos
1362 2608 1446 2644 Nic.
1462 2607 1642 2643 Heinsius
1746 2607 1771 2643 6
1797 2618 1878 2644 cor-

308 2678 416 2702 rusco
454 2665 508 2701 Αι
563 2665 742 2700 chorusco
780 2665 861 2700 πῖμ
1021 2664 1039 2698 7
1079 2663 1253 2698 tonantes
1294 2662 1422 2706 Fyau
1472 2660 1640 2697 tonantis
1677 2665 1756 2698 cett.
1782 2661 1876 2707 Pph.

310 2720 332 2755 8
359 2731 499 2764 aequos
525 2733 554 2764 φ
616 2730 763 2754 currum
788 2718 825 2753 R
932 2718 955 2753 9
979 2717 1078 2752 telus
1103 2717 1157 2753 Rl
1261 2715 1310 2750 10
1337 2714 1411 2750 stix
1436 2715 1648 2760 DRyanu
1673 2714 1775 2762 stlsix
1797 2722 1829 2760 ψ

309 2773 432 2808 tenari
460 2772 796 2818 OFyanzPorph.
833 2770 975 2807 trenari
998 2783 1026 2822 μ
1164 2769 1210 2804 11
1240 2769 1353 2804 Sedes
1377 2767 1672 2842 athlanteusq31llls
1684 2767 1769 2804 finis
1793 2769 1830 2804 R

311 2856 532 2900 adanteusq.
560 2857 599 2890 81
639 2857 772 2900 (ortum
803 2866 848 2890 ex
879 2854 1107 2898 atlanteusq.
1134 2854 1230 2899 quod
1260 2854 1427 2888 exhibent
1450 2852 1555 2899 zyL)
1594 2851 1821 2896 atlanteusq.
1848 2865 1876 2887 π

312 2909 483 2943 athlante
503 2919 619 2952 usque
635 2909 674 2943 F
697 2908 977 2955 athalanteusq3
992 2920 1018 2943 u
1044 2907 1334 2950 athlanteusque
1354 2910 1430 2942 cett.
1441 2907 1481 2941 62
1489 2906 1554 2942 Ac.
1639 2903 1689 2939 12
1710 2904 1824 2940 sumis
1844 2913 1875 2951 ψ
