2002 3224
468 764 911 820 EXOERPTA
946 763 1462 831 ORVQVIANA.

297 967 339 1011 Q.
359 963 1629 1014 HORATIVS1FLACCVS,1EX1ANT1QVISSIM181VNDECIM
1653 963 1756 999 LIB-

176 1021 237 1057 M·
254 1021 301 1056 S·
327 1021 390 1056 ΕΤ
410 1020 627 1068 SCHED181
642 1019 790 1065 aliquot
809 1019 1043 1065 emendatus,
1069 1019 1100 1054 ἃ,
1118 1017 1291 1064 plurimis
1311 1018 1405 1053 locis
1426 1029 1511 1052 cum
1532 1017 1640 1053 Com-
1645 1017 1756 1066 lmen-

174 1080 283 1118 tariis
309 1080 476 1126 antiquis
502 1081 733 1126 expurgatus
760 1079 791 1115 &v
816 1078 958 1125 editus,
986 1089 1102 1124 opera
1120 1078 1126 1126 Ι
1147 1067 1316 1115 ῙΑΟΟΒΙ
1347 1067 1554 1121 GRVQVII
1578 1078 1756 1125 Messenij

176 1134 277 1180 apud
310 1134 503 1180 Bruganos
519 1134 522 1181 Ι
539 1132 728 1179 politioris
765 1132 990 1168 litteraturae
1026 1131 1250 1178 professoris
1288 1131 1444 1178 publici.
1468 1132 1472 1179 Ι
1499 1132 1679 1169 Eiusdem
1715 1134 1758 1169 in

174 1189 327 1225 eundem
352 1189 623 1233 enarrationes,
648 1187 935 1230 obseruationes,
961 1187 994 1222 ct·
1018 1187 1134 1223 varice
1159 1186 1364 1233 lectiones,1
1385 1197 1468 1222 cum
1493 1187 1582 1222 aliis
1607 1187 1755 1232 quibus-

175 1249 262 1284 dam
286 1249 319 1284 ὥ
343 1248 465 1284 indice
491 1248 776 1294 loeupletissimo.
801 1246 805 1294 Ι
826 1234 1171 1291 ANTVERPIAE,
1196 1246 1198 1291 ξ
1223 1245 1279 1280 Ex
1310 1245 1463 1281 officina
1495 1245 1758 1292 christophori

175 1301 356 1348 Plantini,
373 1301 377 1350 Ι
394 1300 743 1348 Architypographi
767 1299 876 1347 Regij
905 1299 967 1335 -M
982 1320 990 1328 ·
1004 1300 1037 1335 D
1056 1320 1064 1328 ·
1077 1299 1275 1335 LXXVIH.
1312 1299 1365 1336 4⁰.

155 1411 158 1413 ·
295 1397 415 1434 Praef.
442 1409 478 1443 p.
501 1399 564 1443 (5).
607 1396 651 1433 V.
665 1396 710 1432 V.
737 1395 1037 1432 CLARISSIMIS
1063 1395 1489 1442 BVRGIMAGISTRIS,
1516 1395 1757 1432 AMPLISSI-

175 1451 349 1495 MOQVE
376 1451 589 1487 SENATVI
612 1450 801 1497 Brugano,
828 1450 986 1486 Iacobus
1013 1449 1197 1495 Cruquius
1223 1449 1426 1485 Messinius
1453 1450 1488 1486 S.
1509 1449 1548 1486 P.

296 1524 436 1570 p.(12)=
471 1553 477 1559 .
494 1552 502 1559 .
519 1522 657 1566 .Quam
677 1523 762 1558 cum
781 1522 879 1558 hanc
898 1523 980 1557 tum
999 1521 1108 1557 illam
1127 1521 1214 1556 vitae
1233 1521 1336 1557 viam
1356 1523 1440 1557 cum
1460 1533 1572 1557 nemo
1593 1532 1638 1558 ex
1658 1521 1757 1557 anti-

176 1577 262 1623 quis
288 1576 534 1623 scriptoribus
560 1576 718 1612 Horatio
744 1576 850 1612 velut
874 1575 914 1611 in
938 1575 1082 1611 tabulis
1109 1574 1320 1621 effigiatam
1346 1574 1583 1611 intuentibus
1609 1575 1757 1611 felicius

175 1631 369 1677 exhibeat,
395 1642 505 1667 nemo
531 1630 626 1666 vitia
652 1629 867 1666 accuratius
892 1629 1117 1675 insectetur,
1150 1639 1261 1664 nemo
1286 1629 1405 1665 bonos
1431 1640 1554 1665 mores
1586 1628 1758 1665 viuacius

177 1685 352 1732 edoceat,
384 1695 470 1720 eum
497 1683 788 1721 Commentariis
819 1682 986 1729 antiquis
1019 1694 1064 1719 ex
1095 1682 1266 1730 pluribus
1301 1682 1451 1728 scriptis
1476 1693 1592 1718 manu
1616 1694 1756 1729 magno

176 1738 302 1775 studio
322 1738 607 1784 consarcinatis,
633 1737 664 1773 85
682 1737 822 1774 nostris
849 1737 1045 1782 aliquanto
1064 1736 1228 1783 planius,
1253 1738 1295 1773 vt
1315 1736 1486 1783 arbitror,
1514 1748 1628 1782 quam
1653 1737 1757 1784 prius

175 1791 408 1829 elucidatum
433 1792 464 1828 ἃ,
488 1791 723 1828 illustratum
749 1790 868 1837 vobis,
901 1790 1138 1837 Amplissimi
1162 1792 1303 1836 patres,
1336 1790 1469 1827 dedico
1496 1791 1527 1826 &1
1552 1791 1756 1837 gratitudi-

173 1845 233 1882 nis
253 1848 342 1892 ergo
367 1845 561 1892 mancip03
582 1876 589 1883 .
606 1875 613 1883 .
629 1874 638 1882 .
664 1845 824 1881 Kalend.
839 1845 999 1891 August.
1012 1845 1122 1881 Anno
1143 1846 1201 1881 clo.
1218 1845 1257 1882 lo.
1272 1844 1469 1882 LXXVIII.
1496 1845 1633 1892 Brugis
1646 1845 1758 1882 Flan-

175 1900 339 1938 drorum.

521 1983 557 2018 p.
579 1973 666 2019 (13.)
714 1970 781 2007 AD
805 1969 1068 2007 LECTOREM
1092 1955 1409 2007 BENEVOLVM.

296 2030 357 2079 IN
387 2043 620 2087 ANTIQVIS
657 2041 946 2080 Commentariis
989 2042 1067 2077 iam
1103 2041 1251 2088 pridem
1287 2041 1328 2077 in
1366 2043 1544 2087 quartum
1580 2042 1758 2090 Odarum,

175 2098 327 2144 Epodos
353 2097 384 2133 &
409 2097 564 2143 Satyras
591 2096 799 2143 euulgatis,
832 2096 951 2132 lector
983 2095 1163 2141 candide,
1194 2095 1370 2132 nonullos
1402 2095 1595 2143 intelligo,
1629 2097 1659 2132 85
1683 2108 1759 2133 non

175 2152 375 2198 postremae
405 2152 505 2187 notae
535 2150 636 2186 viros
668 2150 918 2196 subsannare,
951 2151 1028 2196 atq.
1063 2150 1158 2186 adeo
1189 2149 1372 2186 reiectare
1405 2149 1611 2186 dictionem
1648 2150 1758 2198 hanc,

176 2204 473 2251 Commentator,
507 2203 617 2250 quasi
646 2203 771 2239 minus
802 2203 997 2251 idoneam,
1031 2215 1101 2252 nec
1134 2203 1246 2250 satis,
1278 2205 1321 2240 vt
1352 2206 1610 2241 enarratorem
1639 2207 1759 2252 notet,

174 2258 368 2296 Latinam.
401 2259 520 2305 quod,
553 2257 706 2294 etiamsi
735 2268 811 2293 non
840 2257 991 2304 penitus
1023 2257 1180 2303 infitier,
1216 2259 1346 2293 tamen
1372 2257 1404 2293 si
1430 2257 1653 2304 diligentius
1679 2260 1758 2296 ani-

175 2313 419 2349 maduertant
448 2314 619 2348 nostrum
651 2323 697 2348 ea
726 2311 767 2347 in
799 2322 838 2347 re
871 2310 1069 2347 consilium
1095 2311 1126 2346 86
1151 2311 1353 2357 epistolam
1379 2311 1429 2347 ad
1459 2311 1641 2348 lectorem
1668 2313 1759 2349 olim

175 2366 241 2403 lib.
262 2366 429 2402 Odarum
449 2367 584 2411 quarto
604 2364 849 2412 praepositam
868 2364 1067 2401 candidius
1087 2364 1295 2411 pellegant‚
1321 2364 1503 2410 aequiores
1528 2368 1630 2403 certe
1648 2367 1758 2403 nobis

176 2431 240 2456 eos
265 2419 345 2456 fore
371 2419 604 2456 crediderim.
650 2419 750 2455 Nam
775 2419 859 2464 quis
885 2429 971 2454 eum
995 2417 1165 2454 nominet
1188 2418 1404 2465 honorifice,
1431 2431 1543 2465 quem
1573 2431 1623 2457 ne
1651 2420 1760 2457 nouit

176 2474 355 2519 quidem?
391 2475 435 2510 vt
452 2475 601 2509 taceam
627 2484 673 2509 ea
699 2484 782 2519 quae
807 2471 934 2508 euolui
958 2471 999 2507 in
1023 2471 1222 2508 Horatium
1248 2471 1391 2519 scripta
1415 2473 1478 2510 vix
1508 2474 1585 2510 vllo
1617 2474 1759 2510 honore

176 2527 304 2573 digna,
331 2527 398 2563 sed
423 2526 481 2563 ita
505 2527 643 2573 lacera,
674 2538 820 2572 manca,
846 2526 994 2572 mutila,
1019 2526 1211 2572 lacunosa,
1238 2526 1269 2562 81
1288 2528 1439 2562 tantum
1457 2539 1534 2563 non
1558 2528 1669 2574 carie,
1696 2539 1758 2564 ve-

175 2579 395 2626 tustate'que
427 2580 643 2627 deperdita,
675 2582 717 2616 vt
749 2591 793 2616 ex
826 2579 873 2615 iis
898 2579 963 2616 vix
986 2580 1055 2616 hos
1081 2579 1378 2616 Commentarios
1405 2581 1758 2618 consarcinauerim.

177 2633 298 2676 Quid?
336 2634 438 2679 quod
469 2633 634 2670 auctoris
665 2645 803 2670 nomen
835 2644 950 2679 opera
981 2633 1089 2669 nulla
1118 2633 1297 2678 consequi
1321 2633 1534 2679 potuerim?
1576 2634 1620 2669 In
1645 2634 1759 2670 editis

179 2686 271 2723 olim
295 2698 362 2733 per
380 2686 586 2723 Henricum
603 2687 707 2724 Petri
726 2686 903 2734 operibus
923 2686 1085 2733 Horatij,
1110 2686 1210 2723 inter
1234 2686 1450 2723 innumeros
1475 2687 1554 2723 fere
1580 2688 1759 2734 explana-

178 2742 279 2776 tores
310 2739 437 2786 legere
463 2740 618 2786 quidem
648 2742 708 2777 est
731 2741 897 2777 virorum
923 2740 1227 2777 doctissimorum
1252 2740 1409 2776 Acrom's
1435 2741 1466 2776 Sc
1490 2741 1759 2788 Porphyrionis

178 2804 352 2830 numeros
378 2793 411 2829 δι
432 2793 597 2840 nomina,
624 2794 690 2830 sed.
714 2794 756 2830 in
779 2794 971 2841 plerisque
997 2794 1051 2830 eis
1079 2793 1281 2840 adscriptis
1307 2793 1422 2830 miror
1447 2795 1562 2840 atque
1588 2795 1758 2832 detestor

179 2858 256 2883 non
292 2846 535 2889 oscitantiam
572 2847 822 2895 typographi,
865 2850 908 2885 vt
944 2858 1056 2893 quem
1098 2847 1261 2884 fortasse
1299 2859 1495 2884 mucosum
1531 2847 1624 2894 fecit
1659 2849 1756 2886 lucri

180 2911 328 2938 crassus
360 2900 478 2947 color,
511 2900 578 2936 sed
608 2900 759 2947 ineptos
791 2901 961 2948 cuculos,
995 2900 1062 2947 qui
1091 2902 1220 2938 tantos
1245 2900 1346 2939 viros
1371 2913 1447 2939 non
1477 2902 1649 2949 reueriti,
1681 2915 1757 2940 suae
