2002 3224
292 155 349 196 68
840 153 1026 190 HORATI
1051 154 1314 190 CARMINVM

599 278 738 317 magus
769 266 957 318 ueneni57
989 267 1078 317 quis
1109 268 1256 318 poterit
1288 264 1414 305 deus‘?

659 338 727 376 uix
759 336 966 388 inligatum
999 341 1038 375 te
1072 337 1244 376 triformi

718 408 892 460 Pegasus
925 407 1109 460 expediet
1140 407 1356 448 Chimaera.

932 660 934 662 .
963 611 1179 660 XXVIII.

499 708 554 747 Te
586 709 706 747 maris
738 712 778 747 et
809 712 938 746 terrae
971 719 1217 759 numeroque
1250 708 1423 746 carentis
1454 707 1625 747 harenae

558 791 783 819 mensorem
817 778 1020 831 cohibent,
1052 778 1240 832 Archyta,

404 918 454 952 23
470 929 524 962 sq.
560 919 605 953 T:
643 917 830 964 mythogr.
850 917 903 951 III
928 918 1038 953 tract.
1061 920 1116 962 14,
1138 921 1158 952 5
1183 928 1219 961 p.
1240 919 1309 951 253
1327 916 1430 951 Bode
1528 916 1571 952 S:
1598 916 1722 954 Valet.
1743 917 1856 963 epist.
1886 937 1889 940 -

286 966 334 1000 ad
367 965 472 1001 Rufi:
511 965 801 1000 Chimaeram
838 964 975 999 miser
1013 963 1162 999 nescis
1205 974 1303 999 esse
1338 974 1469 1008 quam
1507 963 1645 1010 petis,
1684 965 1723 999 et
1760 964 1855 1000 scire

287 1013 401 1048 debes
428 1013 530 1058 quod
561 1012 774 1048 triforme
806 1014 1011 1047 monstrum
1039 1011 1135 1046 illud
1160 1010 1319 1057 insignis
1345 1012 1566 1046 uenustetur
1596 1011 1693 1047 facie
1724 1011 1854 1057 leonis,

286 1060 461 1096 olentis
481 1060 691 1095 maculetur
710 1061 841 1095 uentre
861 1070 998 1104 caprae
1018 1059 1080 1106 [cf.
1096 1070 1125 1095 c.
1141 1059 1158 1093 I
1178 1063 1234 1104 17,
1250 1059 1299 1105 7]‚
1319 1058 1530 1094 uirulentae
1551 1060 1715 1094 armetur
1734 1060 1855 1095 cauda

285 1108 440 1154 uiperae
459 1110 471 1154 11
489 1107 627 1144 Minue.
642 1107 719 1144 Fel.
736 1107 866 1144 Octau.
882 1111 939 1152 20,
954 1111 993 1143 3:
1014 1106 1216 1142 chimeram
1237 1105 1505 1142 multiformem
1585 1106 1634 1142 23
1654 1106 1853 1155 inligatus]

289 1157 334 1192 S:
362 1157 448 1192 Tac.
470 1167 554 1191 ann.
577 1156 646 1191 XII
671 1159 715 1190 25
745 1157 756 1201 ΙΙ
784 1155 866 1191 Val.
888 1155 986 1191 Max.
1006 1154 1111 1189 VIIII
1138 1158 1181 1189 13
1201 1155 1309 1190 ext.4
1430 1152 1481 1189 24
1519 1154 1562 1190 S:
1600 1153 1717 1190 Lucil.
1737 1155 1854 1201 epigr.

287 1208 344 1247 88,
361 1208 380 1238 1
399 1203 511 1250 (anal.
528 1205 587 1239 Br.
601 1203 636 1237 II
650 1204 732 1248 336)
752 1202 968 1238 Telesillam
994 1201 1153 1236 amicam
1179 1213 1263 1237 cum
1283 1200 1479 1237 Chimaera
1504 1212 1743 1247 comparans:
1769 1202 1854 1239 οὔτε

282 1253 486 1298 Χίμαιρα
511 1257 681 1286 τοιοῦτον
709 1251 814 1287 ἔπνει
838 1250 968 1294 κακόν,
995 1250 1017 1295 ἡ
1043 1248 1138 1285 καθ’
1157 1247 1322 1295 ’Ὅμηρον

380 1311 397 1346 1
423 1314 478 1346 28.
531 1311 573 1347 S:
600 1309 849 1356 Epicharmus
874 1309 914 1344 in
931 1308 1041 1344 Ulixe
1059 1309 1243 1353 naufrago
1264 1307 1349 1353 (³03.
1370 1307 1563 1354 ναυαγός).
1602 1309 1724 1343 totum
1745 1319 1854 1355 argu-

286 1360 453 1394 mentum
480 1357 653 1392 imitatus
679 1359 737 1393 est
762 1356 981 1401 Quintilian.
1002 1356 1158 1392 declam.
1179 1356 1230 1390 VI
1254 1368 1290 1401 p.
1313 1359 1380 1390 110
1396 1367 1477 1400 sqq.
1491 1355 1590 1401 Bip.:
1627 1355 1854 1392 declamatio

285 1405 452 1451 corporis
478 1405 655 1451 proiecti,
681 1405 765 1450 ipsa
791 1407 850 1440 est
875 1416 967 1440 anus
987 1414 1133 1439 caecae.
1170 1402 1328 1438 Horatio
1347 1402 1421 1448 ipsi
1440 1403 1542 1438 haud
1561 1402 1675 1438 dubie
1693 1403 1854 1440 Alexan-

286 1453 435 1488 drinum
462 1453 654 1498 quoddam
681 1453 864 1490 εἰδύλλιον
892 1454 979 1487 ante
1005 1451 1133 1486 oeulos
1158 1450 1383 1485 uersabatur
1479 1449 1577 1486 1—4
1603 1451 1646 1488 S:
1679 1450 1855 1487 Simmiae

283 1501 398 1537 Theb.
423 1506 440 1535 1
464 1500 576 1546 (anal.
600 1501 657 1537 ΒΥ.
678 1501 694 1536 1
719 1513 755 1546 p.
778 1502 860 1546 168)
881 1500 926 1535 de
947 1499 1147 1545 Sophocle:
1175 1498 1214 1534 σὲ
1240 1498 1304 1534 τὸν
1330 1503 1506 1544 τραγικῆς
1530 1498 1687 1544 Μούσης
1716 1497 1854 1546 ἀστέρα

283 1549 422 1596 τύμβος
454 1548 530 1594 ἔχει
561 1548 627 1584 καὶ
653 1554 719 1594 γῆς
746 1547 870 1593 ὀλίγον
896 1546 1007 1593 μέρος
1037 1548 1049 1592 Η
1080 1545 1250 1592 Antipat.
1271 1545 1396 1582 Sidon.
1418 1550 1474 1591 69,
1496 1550 1517 1581 9
1532 1557 1586 1591 sq.
1607 1546 1720 1591 (anal.
1742 1547 1801 1583 ΒΥ.
1819 1547 1855 1582 Π

281 1609 318 1642 p.
338 1599 415 1642 25):
462 1596 498 1632 εἰ
527 1595 568 1631 δ’
598 1596 702 1642 ὀλίγα
735 1596 884 1641 κρύπτω
922 1595 986 1630 τὸν
1024 1596 1187 1639 ταλίκον,
1223 1592 1302 1629 ἴσθ’
1334 1592 1390 1629 ὅτι
1426 1593 1561 1630 κεύθει
1596 1594 1661 1629 καὶ
1701 1592 1857 1642 Θέτιδος

282 1643 448 1690 γαμέταν
474 1644 498 1679 ἁ
526 1644 762 1692 βραχύβωλος
789 1645 867 1683 ἴκος
903 1643 916 1688 ΙΙ
952 1642 1002 1676 id.
1024 1645 1079 1687 59,
1100 1645 1118 1676 1
1145 1641 1258 1687 (anal.
1279 1641 1338 1678 ΒΓ.
1358 1642 1393 1676 II
1417 1653 1453 1686 p.
1475 1645 1561 1677 124:
1599 1641 1802 1688 χθαμαλὴν
1834 1642 1854 1678 ὁ

281 1692 389 1733 τόσος
419 1690 559 1732 ὑπέὸυς
591 1691 698 1727 κόνιν
730 1693 742 1737 ll
766 1691 877 1735 Verg.
899 1701 956 1735 ge.
977 1690 1046 1724 IIII
1073 1693 1117 1724 86
1133 1701 1205 1734 sq:
1243 1688 1284 1723 hi
1312 1690 1435 1723 motus
1461 1688 1671 1724 animorum
1696 1692 1736 1725 et
1759 1689 1854 1726 haec

285 1739 493 1774 certamina
518 1740 627 1774 tanta
652 1738 860 1784 pulueris
889 1736 1043 1782 exigui
1062 1736 1165 1772 iactu
1185 1747 1397 1782 compressa
1416 1736 1616 1780 quiescunt
1633 1738 1645 1782 ΙΙ
1665 1737 1793 1773 Claud.
1814 1737 1855 1772 in

282 1787 422 1823 Ruf.11
448 1790 654 1823 451—453:
777 1786 878 1821 iacet
908 1796 972 1830 en,
1004 1784 1069 1829 qui
1100 1784 1269 1830 possidet
1299 1784 1444 1829 orbem,
1483 1783 1675 1829 exiguae
1705 1783 1853 1819 telluris

281 1835 391 1880 inops
413 1836 451 1869 et
476 1835 667 1879 puluere
686 1845 771 1869 raro
791 1844 859 1879 per
877 1834 1004 1878 part-es
1020 1831 1174 1877 tegitur,
1194 1842 1381 1875 nusquam
1400 1830 1616 1875 totiensque
1636 1831 1805 1877 sepultu-

286 1882 307 1917 1
326 1894 380 1927 sq.
407 1883 451 1918 T:
478 1881 618 1918 Victor.
639 1894 674 1928 p.
697 1885 766 1917 170
792 1883 830 1916 et
850 1881 895 1915 de
915 1892 962 1915 m.
978 1879 1064 1914 Hor.
1079 1891 1115 1924 p.
1132 1883 1197 1914 181
1306 1879 1327 1913 1
1361 1880 1404 1914 T:
1437 1879 1538 1914 Seru.
1554 1879 1600 1914 de
1618 1890 1665 1914 m.
1681 1878 1769 1916 Hor.
1784 1879 1854 1914 ΠΠ

287 1942 321 1975 p.
337 1934 408 1965 470
458 1929 579 1965 Diom.
599 1942 633 1975 p.
656 1933 724 1964 522
774 1928 914 1963 Victor.
936 1928 982 1962 de
1006 1939 1055 1962 m.
1079 1928 1161 1962 Hor.
1182 1938 1216 1972 p.
1240 1930 1308 1961 178
1425 1926 1461 1962 1.
1488 1926 1511 1961 6
1550 1926 1593 1963 S:
1631 1926 1779 1962 quenc.
1807 1927 1853 1962 de

285 1977 416 2022 genesi
442 1981 510 2012 457
527 1989 600 2021 sq.:
626 1988 712 2012 nam
741 1975 772 2010 si
796 1986 907 2010 nosse
932 1975 1037 2010 ualet
1061 1985 1243 2009 numero
1270 1973 1479 2010 carentia
1503 1973 1703 2019 quisquam
1729 1973 1854 2009 sidera

406 2122 441 2154 ,Ω
462 2137 505 2149 =
526 2117 1169 2164 ΑΒΟΒῈ(φψ)Εγδλ’(λῑ)πατι]
1232 2116 1282 2152 22
1313 2116 1436 2162 Magis
1461 2117 1514 2152 Βι
1578 2117 1714 2153 ueneni
1740 2119 1812 2156 ὃις

283 2175 375 2209 deus
396 2174 419 2207 ὃ
444 2183 509 2208 eus
530 2174 568 2207 δι
656 2171 706 2207 23
732 2171 923 2217 illigatum
943 2172 1013 2206 Bu
1043 2171 1243 2216 inligatum
1267 2176 1344 2207 cett.
1394 2170 1582 2218 triformssi
1599 2171 1637 2207 R
1722 2170 1773 2207 24
1793 2182 1853 2207 ex-

282 2226 390 2272 pedit
416 2227 454 2261 δι
476 2231 543 2262 aut
556 2238 615 2271 pr.
634 2237 654 2263 ς
728 2224 916 2260 chimaera
941 2225 1021 2261 AR
1059 2224 1225 2259 chimera
1249 2229 1326 2260 cett.
1342 2225 1538 2261 Pseudaer.

401 2304 418 2338 Ι
458 2307 513 2339 28.
573 2303 638 2337 AD
671 2295 904 2338 ARCHYTA
936 2292 1163 2347 (ARCHITA
1197 2302 1242 2348 G>
1274 2301 1619 2337 TARENTINVM—
1655 2302 1733 2338 ΒΟ
1785 2302 1852 2338 AD

282 2357 531 2393 ARCHITEN
558 2356 826 2402 (ARCHITEM
845 2356 890 2402 λ’)
910 2355 1212 2391 GEOMETREN
1232 2355 1553 2401 (GEOMETREM
1572 2355 1617 2401 λ’)
1641 2355 1706 2390 DE
1731 2355 1852 2392 NAV—

283 2428 463 2464 FRAGIO
489 2428 751 2464 EXPVLSVM
779 2427 851 2463 Fr
927 2428 993 2462 AD
1021 2426 1270 2462 ARCHITEN
1295 2426 1596 2461 GEOMETREN
1622 2417 1682 2471 (473
1708 2428 1743 2472 z)
1768 2427 1851 2463 EX-

281 2494 477 2530 PVLSVM
510 2494 572 2528 DE
605 2493 903 2528 NAVFRAGIIS
935 2495 1018 2528 δπε
1107 2492 1173 2526 AD
1205 2491 1458 2527 ARCHITEM
1492 2491 1755 2527 GEOMETRE
1783 2493 1848 2529 DE

283 2559 600 2595 NAUFRAUGIO
621 2558 882 2594 EXPULSUM
894 2570 921 2594 u
970 2557 1035 2591 AD
1056 2556 1267 2591 ARCHITA
1286 2557 1631 2593 PHILOSOPHVM
1651 2557 1848 2594 GENERE

282 2624 610 2660 TARENTINVM
642 2624 769 2658 ARTE
803 2615 1067 2658 GEOMETR'E
1093 2622 1355 2658 EXPVLSVM
1380 2622 1665 2658 NAVFRAGIO
1691 2637 1712 2669 γ
1782 2624 1848 2659 AD

282 2678 552 2714 ARCHYTAN
583 2679 650 2723 (sic
680 2678 737 2723 R,
771 2676 1022 2712 ARCHITAN
1054 2677 1138 2722 Da)
1177 2675 1372 2711 GENERE
1406 2675 1731 2712 TARENTINVM
1755 2677 1848 2723 (TA-

282 2739 468 2784 RENTIV
493 2750 546 2795 D)
573 2749 702 2784 ARTE
730 2747 1032 2785 GEOMETREN
1057 2748 1172 2784 DRa
1267 2748 1363 2783 titul.
1390 2748 1489 2783 omis.
1517 2748 1552 2783 A

403 2809 424 2843 1
453 2819 589 2844 arenae
610 2809 774 2854 deraz
800 2820 841 2845 a.
863 2809 929 2845 Ac.
940 2810 994 2844 bis
1022 2808 1184 2843 harenae
1204 2809 1410 2844 eett.3corr.
1438 2807 1572 2853 Porph.
1599 2807 1722 2844 Diom.
1746 2809 1849 2846 Seru.

289 2863 423 2898 Victor.
497 2862 520 2896 2
548 2862 768 2907 ehoibentw
792 2862 995 2908 prohibent
1008 2862 1216 2898 Victorinus
1225 2873 1264 2907 p.
1278 2864 1344 2896 181
1396 2861 1675 2906 archytaAGZ'
1703 2862 1850 2898 archita

282 2915 502 2960 BDRyau
516 2916 713 2951 Pseudacr.
735 2916 945 2952 Victorinus
966 2928 1005 2961 p.
1028 2919 1092 2950 181
1133 2914 1306 2950 architha
1332 2915 1373 2950 F
1408 2915 1565 2959 arcytha
1590 2916 1648 2950 ὃπ
