2002 3224
266 152 292 194 2
297 152 353 195 32
817 148 1000 185 HORATI
1025 148 1288 186 CARMINVM

550 267 676 303 mater
709 274 826 302 saeua
859 260 1116 314 Cupidinum,
1709 309 1712 312 ¹
1811 268 1832 302 5

613 336 718 374 circa
749 333 874 373 lustra
906 332 1043 372 decem
1075 332 1235 372 flectere
1267 331 1452 373 mollibus

552 408 630 446 iam
662 405 806 445 durum
838 405 1036 458 imperiis;
1069 402 1145 457 abi,
1236 395 1238 397 ’

611 489 688 529 quo
720 476 886 516 blandae
919 477 1110 515 iuuenum
1142 479 1180 515 te
1213 480 1403 516 reuocant
1432 468 1583 529 preces.

551 549 829 601 tempestiuius
861 549 903 587 in
935 547 1095 588 domum

610 619 723 660 Pauli
752 620 966 673 purpureis
999 618 1080 659 ales
1113 618 1289 659 oloribus
1794 628 1838 662 10

553 691 819 732 comissabere
850 691 1030 744 Maximi,

612 765 647 803 si
678 768 833 804 torrere
866 764 977 803 iecur
1010 763 1168 815 quaeris
1199 762 1409 803 idoneum:

554 847 723 888 namque
750 839 790 874 et
820 833 966 873 nobilis
998 838 1038 873 et
1069 833 1215 873 decens

614 909 653 945 et
683 916 755 957 pro
789 903 969 943 sollicitis
1002 915 1082 943 non
1114 905 1261 944 tacitus
1294 905 1373 943 reis

555 983 594 1017 et
626 981 785 1016 centum
815 988 916 1028 puer
947 976 1095 1015 artium
1797 985 1839 1018 15

614 1048 691 1088 late
724 1049 835 1099 signa
868 1047 969 1086 feret
1000 1046 1164 1086 militiae
1197 1051 1306 1100 tuae,

558 1125 615 1173 et,
648 1118 882 1171 quandoque
914 1119 1116 1171 potentior

615 1191 714 1243 largi
746 1189 979 1230 muneribus
1011 1190 1147 1229 riserit
1179 1189 1342 1244 aemuli,

558 1262 728 1302 Albanos
761 1274 885 1315 prope
917 1266 955 1301 te
987 1261 1096 1302 lacus

614 1338 736 1386 ponet
767 1345 1029 1374 marmoream
1063 1332 1136 1372 sub
1169 1332 1280 1372 trabe
1313 1334 1447 1374 citrea.
1796 1344 1844 1377 20

393 1460 416 1496 5
444 1461 486 1498 S:
520 1460 674 1496 Theocr.
703 1463 906 1506 1,100sq.:
944 1459 1069 1505 Κύπρι
1108 1461 1258 1507 βαρεῖα,
1296 1459 1423 1507 Κύπρι
1459 1460 1684 1507 νεμεσσατά,
1718 1462 1845 1509 Κύπρι

273 1512 472 1554 θνητοῖσιν
498 1508 671 1554 ἀπεχθής
780 1508 803 1543 9
819 1519 873 1553 sq.
900 1508 942 1544 S:
970 1507 1093 1543 Plaut.
1119 1508 1229 1543 most.
1249 1510 1318 1543 335
1332 1507 1374 1544 R.
1392 1507 1463 1542 =1
1483 1512 1518 1554 4,
1532 1512 1595 1545 22:
1621 1509 1775 1545 domum
1799 1521 1844 1546 eo

276 1556 521 1592 comissatum
539 1558 551 1601 ΙΙ
570 1555 724 1592 Theocr.
745 1559 778 1601 3,
794 1559 831 1592 1:
864 1554 1047 1601 κωμάσδω
1072 1555 1159 1590 ποτὶ
1183 1554 1253 1591 τὰν
1274 1554 1516 1602 Ἀμαρυλλίδα
1613 1556 1665 1593 10
1691 1557 1844 1603 ‘purpu-

272 1604 401 1639 reis—
418 1603 598 1639 oloribus’
627 1604 670 1639 T:
698 1603 800 1639 Seru.
827 1603 876 1638 ad
901 1603 994 1638 Aen.
1020 1602 1037 1637 I
1062 1605 1129 1637 591
1245 1601 1296 1638 14
1323 1603 1366 1640 S:
1392 1603 1501 1639 Mart.
1522 1603 1556 1638 V
1577 1607 1685 1650 16‚6:
1712 1604 1843 1641 eolli-

275 1651 382 1687 citis
475 1651 566 1686 reis
586 1652 598 1696 ΙΙ
618 1650 685 1687 Ou.
712 1661 756 1686 ex
781 1650 821 1687 P.
842 1651 995 1696 12,118
1093 1649 1143 1686 15
1170 1650 1212 1687 S:
1241 1649 1366 1686 Plaut.
1387 1650 1520 1687 Pseud.
1535 1651 1570 1687 H
1589 1655 1623 1697 3,
1638 1655 1682 1688 12
1697 1655 1844 1690 =6⁷82

274 1700 455 1735 centum
493 1699 646 1734 doctum
760 1697 918 1734 consilia
954 1699 967 1744 ΙΙ
1008 1696 1082 1734 Cic.
1108 1709 1175 1743 pro
1204 1697 1312 1735 Rosa.
1335 1698 1457 1736 Amet.
1481 1702 1640 1746 41,120:
1679 1699 1845 1736 omnium

279 1746 446 1782 artium
468 1746 668 1792 puerulos

396 1873 431 1906 ,Ω
453 1889 494 1901 =
517 1870 777 1917 A'(Aa)B'(B
789 1870 1280 1918 G)F(‹p2p)Ryaz'(2l)ocu]
1364 1870 1388 1906 5
1415 1881 1504 1906 seua
1530 1870 1690 1908 Az'um
1728 1882 1845 1908 saeua.

275 1926 361 1961 cett.
378 1927 415 1960 22
468 1925 486 1960 7
510 1924 651 1959 dudum
676 1931 728 1979 ipa
775 1923 853 1959 albi
872 1924 925 1959 Αι
976 1923 1000 1959 8
1027 1923 1164 1959 blande
1189 1923 1346 1960 A'qul
1403 1925 1564 1960 euocant
1591 1924 1632 1960 F
1701 1925 1726 1961 9
1750 1926 1844 1962 tem-

274 1982 419 2042 pestifi's
444 1996 481 2031 B
506 1980 768 2040 Tempestiu⁸us
797 1994 828 2030 (J
860 1977 1112 2040 Tempestiuig
1137 1994 1174 2031 R
1264 1994 1416 2030 domum
1443 1995 1685 2032 Flemina
1703 1997 1797 2043 Pph.

276 2050 386 2085 domo
418 2047 643 2094 A'B‘ydez‘
659 2049 726 2085 Ac.
782 2047 954 2094 (Comisis
981 2047 1136 2096 habere]
1169 2047 1405 2084 delectabere
1437 2048 1674 2085 conuiuando
1706 2050 1847 2089 Pseud-

276 2104 365 2147 acr.)
488 2101 538 2137 10
564 2100 776 2149 purpureis]
802 2101 1020 2137 marmoreis
1040 2101 1202 2138 Lambin
1221 2103 1254 2148 ()
1278 2102 1357 2138 uid.
1378 2102 1522 2149 Epiley.
1597 2103 1733 2150 Porph.
1757 2104 1847 2142 haec

277 2157 423 2193 scribit:
455 2154 508 2190 sic
533 2165 762 2200 purpureum
786 2166 853 2200 pro
879 2154 1035 2200 pulchro
1055 2154 1179 2191 dicere
1197 2157 1333 2201 poetae
1353 2155 1570 2200 adsuerunt,
1595 2156 1638 2192 ut
1656 2156 1847 2204 Vergilius

279 2211 420 2255 (georg.
447 2208 464 2243 Ι
489 2210 592 2251 405):
632 2209 671 2244 et
706 2219 774 2253 pro
811 2219 998 2254 purpureo
1034 2219 1176 2254 poenas
1214 2208 1282 2244 dat
1319 2208 1445 2254 Scylla
1483 2208 1639 2255 capillo,
1677 2210 1716 2246 et
1753 2209 1847 2247 alibi
1916 2205 1919 2208 ’

279 2263 420 2308 (georg.
441 2261 629 2307 1111373):
664 2260 705 2296 in
731 2272 835 2297 mare
867 2272 1095 2308 purpureum
1125 2260 1328 2297 uiolentior
1358 2261 1480 2297 effluit
1511 2261 1648 2308 amnis3
1688 2263 1847 2310 ‘purpu-

276 2315 380 2350 reos’
408 2313 563 2349 Veneris
596 2313 831 2350 ‘columbas’
865 2315 974 2351 habes
1002 2327 1061 2362 ap.
1090 2314 1289 2351 claudian.
1311 2316 1458 2361 epithal.
1492 2316 1588 2352 Pan.
1614 2320 1648 2352 et
1676 2315 1746 2353 021.
1767 2320 1849 2363 104,

279 2368 364 2403 item
394 2377 600 2413 purpureos
633 2367 730 2403 Solis
762 2379 878 2413 equos
907 2368 975 2404 Ou.
1000 2369 1072 2405 her.
1101 2371 1157 2414 21,
1173 2373 1216 2404 86
1314 2368 1492 2404 odoribus
1511 2369 1548 2404 A
1705 2369 1754 2406 11
1781 2369 1849 2407 Co-

277 2419 484 2456 missabere
510 2423 546 2456 λι
577 2425 620 2457 ut
647 2422 724 2458 uid.
770 2420 1007 2457 Comisabere
1038 2421 1107 2457 Ba
1150 2421 1457 2470 Comeslssssabere
1482 2422 1519 2457 A
1563 2421 1685 2458 Comis
1710 2422 1850 2460 habere

278 2474 331 2509 Al
367 2479 409 2510 ut
444 2475 522 2510 uid.
573 2473 697 2510 Comis
735 2474 847 2510 abere
887 2475 932 2511 01
976 2474 1133 2510 comisis
1171 2475 1311 2510 habere
1348 2475 1413 2511 Ac.
1459 2475 1756 2513 Commiseabere
1792 2478 1847 2515 131

279 2527 348 2572 (R2
374 2538 549 2573 superse-r.
575 2529 643 2573 ris)
692 2527 932 2564 Comisabere
968 2529 998 2563 12
1018 2529 1060 2563 in
1078 2539 1150 2565 ras.
1201 2528 1466 2564 Comessabere
1491 2529 1546 2564 Ae
1561 2530 1591 2565 ΖΞ
1609 2541 1692 2567 aar.
1741 2530 1847 2567 Gom-

260 2580 492 2616 ·messabere
517 2593 538 2626 γ
588 2580 834 2617 Comesabere
861 2581 905 2618 02
949 2580 1185 2617 Comitabere
1211 2581 1360 2617 Εδλεπ
1401 2581 1688 2619 Commutabere
1711 2595 1740 2620 u
1763 2585 1798 2630 ()

280 2633 330 2669 12
356 2635 501 2670 torrere
519 2633 557 2670 R
582 2635 723 2669 terrore
744 2634 776 2671 0
880 2633 1004 2679 queris
1033 2634 1093 2671 Cu
1181 2634 1231 2670 13
1256 2634 1394 2670 nobilis
1421 2634 1567 2681 decens,
1593 2647 1660 2673 om.
1687 2638 1736 2684 et,
1761 2637 1800 2674 R

280 2685 331 2722 14
356 2686 569 2723 taciturnus
593 2689 665 2724 reis
689 2688 727 2724 R
799 2687 938 2724 tacitur
963 2689 1000 2724 B
1073 2688 1124 2724 16
1151 2689 1248 2724 Lata
1271 2688 1309 2723 B
1333 2689 1419 2724 item
1443 2690 1486 2725 ni
1509 2690 1662 2734 fallorn:
1675 2694 1762 2728 ante
1773 2681 1847 2728 fas.

327 2740 493 2776 miliciae
516 2752 573 2777 au
609 2740 744 2776 militie
764 2754 792 2776 π
865 2742 914 2778 17
936 2742 1155 2788 quandoque
1180 2741 1217 2776 A
1254 2741 1528 2788 quandocumq.
1554 2754 1581 2778 u
1661 2742 1711 2780 18
1735 2743 1850 2791 Largi

282 2793 408 2838 A'B'y
418 2795 458 2829 62
472 2794 565 2839 Pph.
615 2793 747 2840 Largis
772 2794 826 2831 „12
838 2794 1068 2831 FR612'nu
1163 2793 1278 2830 emuli
1301 2807 1328 2830 ιι
1443 2795 1493 2831 19
1517 2795 1796 2845 propScssslacun
1819 2810 1850 2833 π

282 2845 387 2882 lacus
411 2847 448 2882 R
578 2846 629 2883 20
656 2846 774 2883 citrea
797 2847 911 2884 A1B‘
933 2861 961 2884 π
978 2860 1035 2895 pr.
1050 2849 1143 2895 Pph.
1158 2848 1356 2885 Pseudacr.
1406 2850 1534 2894 cytrea
1557 2863 1612 2896 ’γα
1660 2850 1804 2898 οἰρζπθα
1827 2854 1848 2888 λ

284 2898 409 2944 ciprea
435 2899 487 2934 Aa
499 2900 569 2935 Fa
583 2912 674 2937 corr.
725 2900 843 2946 cipria
868 2913 894 2938 u
942 2912 1079 2948 cyprea
1103 2902 1192 2938 Raz
1241 2901 1369 2948 cypria
1396 2913 1417 2941 ς
1441 2903 1474 2949 ()
