2002 3224
956 133 999 166 17
1693 133 1783 175 333

491 244 749 285 Nouendialis
781 245 990 298 dissupare
1022 243 1229 298 pulueres;

489 317 563 357 tibi
594 316 789 370 hospitale
820 321 962 370 pectus
994 321 1034 356 et
1065 329 1188 369 purae
1219 329 1380 370 manus,

489 394 661 442 tuusque
694 394 837 429 uenter
867 388 1139 442 Pactumeius,
1172 393 1212 428 et
1242 394 1310 428 tuo
1738 398 1783 429 50

489 474 632 501 cruore
664 460 808 501 rubros
842 460 1036 500 obstetrix
1068 473 1221 513 pannos
1253 460 1367 514 lauit,

488 539 704 586 utcumque
737 533 852 572 fortis
885 531 1000 572 exilis
1032 545 1242 584 puerpera.

489 603 608 657 ‘quid
643 604 838 644 obseratis
870 603 1035 643 auribus
1067 603 1202 643 fundis
1233 602 1405 656 preces?

486 689 565 716 non
600 689 692 716 saxa
724 676 842 716 nudis
875 675 1058 716 surdiora
1090 677 1238 715 nauitis

487 748 696 801 Neptunus
729 748 807 788 alto
840 748 974 788 tundit
1004 747 1198 788 hibernus
1230 747 1324 788 salo.
1737 759 1782 790 55

489 821 640 862 inultus
672 827 717 861 ut
750 826 792 861 tu
824 822 965 860 riseris
998 819 1154 873 Cotytia

488 893 660 946 uolgata,
694 906 851 934 sacrum
883 892 1001 932 liberi
1033 892 1261 947 Cupidinis,

318 1019 368 1056 48
395 1021 438 1057 T:
470 1020 680 1057 Cassiodor.
708 1032 841 1057 comm.
868 1020 916 1056 de
941 1019 1112 1056 oratione
1144 1022 1183 1056 et
1214 1020 1261 1056 de
1287 1022 1372 1057 octo
1397 1021 1571 1067 partibus
1598 1022 1678 1059 eius
1706 1034 1736 1059 c.
1759 1027 1777 1058 1

203 1067 274 1105 uol.
288 1068 323 1103 II
342 1080 378 1114 p.
393 1071 462 1104 565
479 1068 564 1105 Gar.
617 1068 719 1105 Seru.
741 1068 790 1104 ad
808 1068 901 1104 Aen.
915 1067 950 1103 V
964 1071 1010 1104 64
1060 1067 1212 1104 Seruius
1234 1068 1420 1117 [Sergius]
1440 1069 1481 1105 in
1499 1070 1636 1107 Donat.
1660 1083 1696 1117 p.
1712 1074 1781 1106 432

201 1115 404 1152 Cledonius
429 1129 466 1162 p.
486 1120 532 1152 42
606 1116 778 1163 Pompeii
804 1117 1058 1152 commentum
1083 1115 1158 1153 uol.
1178 1116 1214 1152 V
1245 1130 1279 1163 p.
1303 1121 1371 1152 166
1404 1119 1443 1153 et
1476 1121 1543 1154 176
1557 1118 1601 1155 Κ.
1634 1119 1783 1165 mytho-

202 1164 369 1210 graphus
394 1164 446 1199 III
477 1166 586 1200 tract.
608 1169 640 1212 6,
656 1168 700 1200 27
733 1176 793 1211 ap.
815 1163 896 1200 Mai
927 1163 1037 1199 class.
1059 1165 1158 1201 auct.
1178 1164 1231 1200 III
1249 1177 1285 1211 p.
1300 1168 1369 1201 206
1468 1169 1667 1203 comment.
1694 1167 1783 1203 Ein-

201 1211 387 1248 siedlense
412 1212 453 1248 in
471 1212 613 1248 Donati
639 1214 759 1249 artem
791 1211 975 1248 maiorem
999 1224 1036 1257 p.
1060 1215 1129 1247 240
1143 1212 1188 1249 H.
1223 1212 1294 1249 sic:
1331 1213 1577 1250 nouendiales
1614 1215 1783 1262 spargite

199 1260 386 1305 pulueres.
437 1261 566 1307 glossa
592 1261 733 1296 codicis
758 1259 958 1296 Bel-nensis
983 1272 1020 1306 p.
1041 1263 1111 1295 240
1124 1260 1188 1297 H.:
1215 1260 1310 1296 einis
1335 1260 1474 1297 iterum
1499 1262 1692 1308 singulare
1713 1265 1781 1310 est,

201 1308 376 1353 quamuis
402 1308 554 1355 legatur
578 1308 619 1344 in
645 1308 792 1346 Oratio:
818 1307 1067 1345 nouendiales
1093 1307 1236 1345 cineres
1311 1309 1361 1345 50
1374 1321 1429 1355 sq.
1458 1311 1513 1346 ‘et
1537 1311 1623 1346 tuos
1648 1311 1781 1347 rubros

202 1356 387 1392 obstetrix
406 1368 553 1403 pannos
572 1356 683 1393 lauit’
735 1358 779 1394 T:
805 1355 978 1402 Pompeii
1003 1358 1256 1392 commentum
1275 1357 1350 1393 uol.
1363 1357 1398 1394 V
1416 1370 1453 1404 p.
1474 1361 1543 1393 293
1556 1358 1600 1394 Κ.
1649 1359 1782 1395 Flode-

203 1404 333 1450 garius
358 1404 399 1440 in
425 1404 697 1441 commentario
730 1405 779 1440 ad
812 1403 1069 1440 barbarismos
1100 1404 1242 1441 Donati
1267 1405 1324 1443 ed.
1352 1406 1446 1442 Lud.
1473 1406 1573 1443 Oai-r.
1601 1407 1717 1446 schol.
1743 1407 1784 1443 in

205 1452 359 1489 Sallust.
386 1452 473 1490 hist.
500 1465 537 1499 p.
557 1456 628 1489 234
652 1453 831 1500 Antverp.
855 1455 948 1488 1579
1035 1451 1086 1488 54
1100 1464 1153 1498 sq.
1182 1453 1225 1490 S:
1251 1453 1334 1490 Tib.
1354 1453 1389 1489 H
1408 1457 1442 1501 4,
1457 1458 1478 1490 9
1494 1466 1567 1500 sq.:
1595 1457 1695 1491 stare
1720 1456 1783 1492 uel

203 1499 349 1536 insanis
382 1503 512 1537 cautes
545 1501 709 1537 obnoxia
739 1500 882 1547 uentis,
919 1499 1107 1547 naufraga
1139 1512 1253 1546 quam
1287 1501 1390 1538 uasti
1426 1503 1644 1539 tunderet
1682 1504 1783 1539 unda.

202 1548 318 1584 maris
337 1550 350 1596 ΙΙ
371 1549 417 1585 de
445 1549 531 1584 aliis
556 1549 651 1585 locis
678 1549 864 1585 similibus
890 1547 980 1584 uide
1006 1548 1134 1584 adnot.
1162 1549 1211 1584 ad
1237 1549 1336 1586 0.OE
1356 1554 1387 1597 7,
1404 1554 1447 1586 21
1523 1550 1574 1587 56
1601 1552 1643 1589 S:
1669 1551 1781 1598 Verg.

200 1596 313 1678 patal.
334 1600 367 1642 5,
382 1601 427 1633 19
439 1609 493 1643 sq.
509 1597 571 1635 R:
596 1609 673 1634 non
699 1608 759 1633 me
784 1596 940 1634 uocabis
966 1596 1128 1642 pulchra
1147 1597 1208 1643 (al.
1231 1599 1382 1645 spurca)
1402 1609 1471 1646 per
1495 1598 1707 1645 Cotyttia
1733 1601 1783 1635 ad

217 1643 357 1681 eriatos
382 1645 547 1682 fascinos

321 1755 357 1788 ,Ω
370 1771 415 1784 =
430 1753 704 1801 A'(Aa)B‘(B
714 1754 760 1800 0)
771 1752 1342 1801 Ε(φψ)1ἰγὸ’<δά>λ’(λῖ)νπα
1457 1753 1508 1791 48
1533 1755 1783 1792 Nouendialis

199 1806 270 1844 Ra
295 1820 355 1854 pr.
383 1813 425 1845 ut
448 1809 527 1845 uid.
551 1809 705 1855 Pompei
729 1809 806 1844 cod.
826 1809 863 1844 A
894 1809 999 1854 (saec.
1014 1807 1133 1855 VIIII)
1158 1810 1355 1855 utrubique
1397 1808 1660 1846 Nouemdialis
1685 1811 1780 1858 Pph.

201 1863 308 1899 Nous
335 1862 448 1898 dialis
474 1863 512 1899 B
547 1861 818 1899 Nouemdiales
837 1862 875 1898 A
919 1863 1176 1900 Nouendiales
1195 1867 1274 1900 cett.
1289 1875 1313 1899 a
1331 1874 1423 1900 corr.
1443 1868 1487 1900 ut
1510 1865 1590 1900 uid.
1609 1865 1716 1902 schol.
1731 1867 1782 1913 γὸ

198 1918 431 1964 yrammatici
504 1917 702 1963 dissupare
727 1916 765 1953 R
792 1921 877 1954 aute
901 1928 975 1954 ras.
1014 1917 1200 1963 dissipare
1227 1917 1264 1956 R
1283 1929 1323 1964 p.
1343 1929 1416 1954 ras.
1443 1922 1521 1955 cett.
1542 1918 1635 1965 Pph.
1661 1931 1782 1967 yram-

200 1972 327 2007 matici
406 1970 598 2018 pulueres]
623 1971 791 2017 pulueris
817 1971 870 2007 13¹
899 1972 1051 2019 Pompei
1076 1972 1152 2008 cod.
1173 1972 1210 2007 A
1234 1983 1271 2018 p.
1287 1974 1355 2007 166
1392 1971 1567 2018 pulueres
1585 1973 1623 2009 R
1642 1978 1685 2010 ut
1703 1975 1781 2011 uid.

200 2026 362 2070 putuere
390 2024 614 2061 Gledom'usi
737 2025 788 2062 50
814 2027 947 2062 uenter
971 2027 1072 2063 omis.
1093 2024 1149 2062 δί
1243 2025 1480 2072 pactumeius
1512 2027 1671 2073 Fydzu
1686 2028 1781 2075 Pph.

204 2079 340 2125 Pprph.
355 2078 554 2115 Pseudacr.
586 2080 899 2126 pactum(pacts1)
915 2079 995 2115 eius
1010 2080 1216 2117 AB'Rnd
1234 2092 1331 2117 cons.
1351 2082 1418 2117 Ac.
1469 2082 1725 2130 pactovmeius
1752 2084 1784 2129 l,

136 2171 141 2176 -
200 2175 245 2188 ψ
266 2151 311 2187 ab
331 2151 450 2187 altera
467 2163 593 2197 mauu,
612 2152 846 2197 partumeius
866 2165 888 2188 v
912 2151 1148 2197 partumeius
1168 2165 1196 2188 π
1214 2165 1296 2190 uar.
1312 2164 1489 2199 superscr.
1527 2140 1727 2200 pactsfeius
1747 2168 1783 2201 a,

1082 2206 1107 2228 ie

200 2248 245 2257 Ν
272 2236 318 2271 ab
344 2236 408 2271 alt.
435 2247 481 2271 m.
502 2236 542 2282 ()
682 2235 730 2272 51
758 2234 907 2271 obserix
932 2247 977 2271 πι
1017 2235 1161 2272 obstrix
1185 2237 1224 2273 R
1262 2236 1442 2273 obstetris
1463 2239 1499 2273 A
1545 2239 1714 2275 obsterix
1737 2252 1783 2276 π2

249 2288 298 2325 52
318 2289 430 2334 Vt5q‚
450 2290 488 2324 B
563 2289 614 2325 53
639 2289 807 2325 NEGAT
834 2289 1077 2325 CANIDIAM
1104 2290 1195 2326 SIBI
1220 2290 1568 2328 RECONCILIARI
1586 2293 1782 2340 (RECON-

201 2343 362 2380 OIUQRI
387 2346 425 2389 a)
454 2343 570 2379 IDEO
603 2343 682 2390 (DE
709 2343 772 2379 EO
800 2344 837 2379 B
845 2343 891 2389 λ’)
925 2342 1155 2386 QVONIAM
1179 2343 1445 2380 VENEFIOIA
1475 2345 1586 2382 EIVS
1618 2348 1783 2394 (BENE-

200 2397 327 2433 FICIA
352 2397 462 2432 EIVS
487 2396 562 2433 Αἵ
591 2399 784 2443 (superscr.
810 2396 911 2433 male
936 2398 978 2433 in
1003 2399 1037 2443 λ)
1066 2395 1177 2434 EIVS
1202 2397 1511 2435 MALEFICIVM
1535 2402 1571 2446 γ)
1596 2401 1782 2438 VVLGA-

199 2450 349 2487 VERIT
375 2450 547 2496 A'Byst'3
569 2452 654 2488 add.
676 2449 821 2497 A'yz':
851 2451 913 2486 ET
934 2451 1083 2487 IPSAM
1104 2450 1349 2487 CANIDIAM
1373 2452 1674 2492 INTRODVCIT
1700 2456 1781 2491 LO-

202 2522 458 2568 QVENTEM3
485 2522 696 2559 Introducit
722 2522 875 2559 canidia.
902 2522 975 2558 sibi
1000 2508 1130 2568 loante
1158 2524 1190 2560 0
1294 2526 1441 2562 wullwm
1464 2526 1705 2563 interuallum
1731 2532 1783 2564 est

200 2578 243 2612 iu
269 2576 475 2622 FRa'vm
502 2577 556 2613 132
576 2578 694 2614 adscr.
720 2576 930 2623 Responsio
1029 2576 1080 2613 53
1108 2577 1197 2613 -uid
1222 2592 1243 2624 »y
1322 2578 1420 2625 Quid
1445 2579 1484 2616 R
1588 2579 1654 2616 -54
1679 2581 1780 2617 natis

201 2631 225 2665 ὃ
238 2642 299 2677 pr.
433 2630 484 2666 55
511 2630 606 2678 alto]
634 2631 720 2666 albo
747 2632 897 2668 Palmer
945 2630 1134 2676 hybernus
1161 2633 1174 2668 Z
1330 2633 1381 2669 56
1406 2633 1554 2669 Inuitus
1580 2645 1658 2670 νιπ
1672 2647 1732 2681 pr.

200 2686 243 2719 tu
267 2683 411 2732 riseris]
437 2684 624 2731 turiQeris
651 2698 679 2721 π
741 2685 836 2721 turri
863 2684 955 2721 seris
980 2685 1036 2722 Ri
1062 2684 1158 2720 turis
1185 2685 1258 2722 eris
1284 2687 1325 2722 δι
1399 2686 1570 2723 turisoris
1597 2689 1634 2724 A
1652 2700 1714 2735 pr.
1739 2694 1783 2726 ut

199 2739 277 2774 uid.
285 2754 299 2784 ;
324 2751 348 2774 α
367 2750 506 2785 parum
531 2740 642 2785 liquet
739 2738 888 2784 cotyoia
911 2752 933 2785 γ
972 2738 1125 2785 cocyoia
1149 2751 1191 2784 a,
1222 2741 1284 2776 sed
1316 2751 1361 2785 cy
1391 2741 1435 2777 in
1466 2741 1602 2788 litura,
1633 2743 1782 2789 cocytia

201 2813 498 2858 AB'FR'a‘xv
523 2823 618 2868 Pph.
632 2834 727 2860 cons.
742 2824 877 2869 Porph.
893 2824 1082 2870 interpret.
1107 2824 1216 2860 schol.
1239 2826 1274 2859 Γ
1319 2823 1484 2860 cocithia
1510 2837 1538 2861 u
1586 2792 1735 2873 cocithya
1752 2841 1782 2864 π

249 2876 298 2912 57
326 2875 527 2924 Vulgatass
548 2877 586 2913 R.
652 2877 822 2923 Vulgata
852 2881 932 2915 cett.
1003 2888 1145 2914 sacrvm
1170 2878 1278 2914 liberi
1302 2879 1326 2913 ὃ
1387 2889 1496 2914 sacra
1522 2879 1780 2919 FR2a'1mu

200 2935 310 2966 sacru
335 2943 359 2967 a
383 2934 425 2967 ut
449 2932 527 2968 uid.
564 2941 712 2966 sacrum
737 2935 816 2968 cett.
837 2931 945 2968 Rim
965 2935 998 2968 et
1022 2931 1145 2968 R33'2
1159 2932 1253 2979 Pph.
1351 2931 1479 2968 Liberi
1505 2933 1695 2974 Fritzsche
