2008 3230
262 155 347 191 XIV
899 154 1189 190 PRAEFATIO.

381 268 429 307 In
454 268 491 306 A
522 268 645 307 etiam
678 267 783 306 sicut
807 267 848 305 in
875 267 957 306 cod.
983 267 1011 305 h
1036 280 1204 306 neumae
1231 280 1255 305 a
1279 265 1497 317 posteriore
1523 266 1831 305 manu—teste

263 341 434 379 Ernesto
467 339 622 378 Schelle
662 339 820 378 saeculo
852 338 909 377 XI
934 360 990 365 —
1020 338 1181 377 additae
1218 338 1375 386 insunt,
1405 337 1475 376 fol.
1496 337 1573 374 27ν
1604 338 1645 375 et
1678 338 1750 376 28r
1780 336 1833 375 ad

262 399 412 449 primos
442 411 584 437 uersus
615 398 803 437 carminis
834 398 963 437 illius:
995 394 1075 436 ‘Sic
1099 400 1134 436 te
1163 399 1260 437 diua
1283 399 1422 446 potens
1456 392 1603 446 Cypri&

382 457 537 497 Codicis
575 458 612 495 A
651 458 750 496 folia
787 459 998 508 quattuor,
1042 457 1188 507 quibus
1225 457 1336 507 epod.
1373 458 1445 507 16,
1472 457 1669 507 27—17,
1697 457 1750 494 81
1791 456 1833 494 et

264 518 378 567 epist.
403 517 422 555 l
449 518 486 568 6,
508 518 680 556 65——12
708 518 803 555 extr.
834 517 1101 568 continentur,
1133 517 1175 555 in
1205 516 1447 554 bibliotheca
1476 515 1607 554 ciuica
1631 514 1831 553 Hambur-

263 577 375 627 gensi
406 576 680 615 adseruantur.
741 576 819 614 Illa
853 576 932 614 duo
970 575 1086 626 folia,
1124 576 1166 614 in
1198 575 1344 625 quibus
1376 575 1530 625 epodon
1560 574 1707 613 ultima
1737 586 1831 624 pars

262 649 355 674 cum
390 635 646 674 Mauortiana
683 635 971 685 subscriptione
1008 635 1218 686 leguntur,
1261 634 1417 673 abscisa
1456 634 1523 673 uel
1569 634 1709 674 euolsa
1746 644 1830 672 esse

263 695 514 745 suspicamur
543 696 707 745 propter
736 695 838 734 hanc
868 695 996 744 ipsam
1029 694 1373 744 subscriptionem.
1422 693 1569 732 Itidem
1594 695 1636 732 et
1659 693 1832 732 aliorum

263 756 484 806 auctorum,
515 756 563 792 ut
588 754 632 792 Τ.
657 754 762 805 Liui,
794 754 947 793 codices
972 754 1182 792 mutilatos
1207 753 1384 792 uidimus
1410 752 1460 791 ab
1485 752 1714 791 hominibus
1740 755 1831 791 sub-

264 825 525 875 scriptionum
568 825 745 864 curiosis.
807 825 1030 876 Imaginem
1068 824 1249 863 inuenies
1287 824 1396 874 apud
1433 823 1662 875 Chatelain,
1699 823 1720 861 I
1749 822 1830 862 tab.

265 885 450 923 LXXXII
470 901 526 916 =
546 897 577 923 c.
606 884 648 922 II
681 886 746 924 20.
777 883 839 921 III
867 886 903 923 1.

378 944 426 982 In
461 943 658 993 principio
697 943 817 982 huius
854 943 947 982 libri
983 943 1135 995 legitur
1166 942 1376 981 Terentius
1408 955 1499 981 cum
1531 940 1831 994 commentario,

257 1004 355 1041 tunc
387 1003 570 1052 sequitur
599 1003 809 1051 Horatius,
846 997 944 1052 'post
973 1002 1080 1041 hunc
1110 1003 1298 1041 Lucanus
1329 1002 1350 1040 I
1384 1002 1465 1039 176
1482 1013 1586 1054 sqq.,
1623 1001 1831 1040 quenalis

261 1063 326 1113 15,
348 1063 432 1101 174
446 1074 544 1112 sqq.,
575 1061 798 1100 Martianus
831 1061 1007 1118 Capella,
1038 1061 1317 1112 unusquisque
1349 1073 1441 1100 cum
1470 1061 1628 1112 glossis.

1031 1181 1055 1207 a

376 1252 400 1278 a
419 1257 475 1271 =
495 1239 802 1279 Mediolanensis
839 1239 1128 1278 Ambrosianus
1161 1238 1194 1279 Ο
1231 1241 1313 1279 136
1347 1252 1451 1290 sup,
1493 1240 1591 1280 011111
1628 1240 1826 1280 Avennio·

256 1310 405 1361 nensis,
448 1311 790 1362 membranaceus,
841 1323 941 1350 saec.
973 1311 1093 1349 VIHI
1142 1311 1340 1363 exeuntis,
1392 1311 1542 1361 partim
1589 1311 1830 1364 rescriptus;

257 1384 295 1433 0,
318 1383 401 1421 237
424 1389 480 1423 ><
500 1384 539 1434 O,
563 1383 646 1420 144
666 1396 716 1421 m.
775 1382 920 1421 Subest
950 1384 1092 1422 auctor
1123 1382 1374 1421 Christianus
1406 1382 1556 1421 saeculi
1587 1381 1678 1434 VII,
1709 1382 1826 1422 cuius

255 1440 482 1492 fragmenta
507 1442 705 1492 quaedam
729 1442 908 1493 Angelus
933 1442 1064 1481 Maius
1096 1442 1231 1492 edidit,
1262 1441 1459 1480 Iohannes
1484 1442 1652 1480 Mercati
1676 1454 1827 1481 nouam

256 1501 471 1540 editionem
489 1503 618 1551 parat.
640 1523 695 1527 —-
715 1501 825 1540 Inest
842 1502 954 1540 totus
967 1501 1171 1551 Horatius,
1191 1500 1269 1539 nisi
1289 1501 1396 1551 quod
1415 1503 1508 1551 post
1527 1513 1640 1541 serm.
1659 1501 1701 1539 H
1717 1503 1754 1553 7,
1771 1504 1825 1541 27

256 1560 454 1611 genuinus
474 1573 498 1598 a
517 1561 663 1599 desinit
681 1562 722 1599 et
740 1561 871 1599 multa
889 1561 988 1599 folia
1013 1561 1055 1598 in
1074 1560 1253 1612 margine
1272 1560 1464 1599 mutilata
1483 1562 1588 1601 sunt.
1639 1559 1828 1600 Continet

255 1619 382 1670 igitur
400 1633 431 1659 0.
451 1620 625 1671 Ι-ΙΠΙ,
651 1633 685 1658 a.
705 1634 756 1671 p.,
781 1619 906 1671 epod.,
932 1633 964 1659 c.
985 1631 1026 1671 S.,
1053 1620 1167 1670 epist.
1194 1619 1223 1657 I.
1244 1619 1296 1671 H,
1322 1633 1435 1659 serm.
1455 1620 1475 1658 I
1491 1622 1527 1672 1,
1550 1619 1678 1658 1—11
1699 1621 1737 1672 7,
1759 1621 1825 1660 27.
1887 1671 1889 1676 Ι

372 1691 564 1743 Imaginis
597 1691 765 1741 speciem
796 1691 889 1730 uide
921 1691 1029 1741 apud
1061 1690 1270 1730 Chatelain
1300 1691 1321 1728 I
1350 1690 1432 1730 tab.
1452 1690 1619 1730 LXXXI
1647 1708 1704 1723 =
1723 1704 1755 1730 c.
1786 1690 1828 1729 H

260 1752 331 1802 15,
354 1751 514 1789 9—1311
542 1752 584 1800 1,
607 1753 643 1789 7.
694 1750 799 1789 Sunt
824 1751 959 1789 autem
986 1752 1042 1789 44
1067 1750 1166 1789 folia
1191 1750 1457 1802 membranea,
1489 1750 1666 1790 43--50
1691 1750 1761 1789 lin.
1786 1752 1829 1790 et

257 1809 373 1848 binae
406 1811 614 1849 columnae
646 1810 688 1848 in
720 1810 890 1861 singulis
920 1810 1092 1862 paginis.

373 1869 536 1908 Glossae
568 1871 607 1907 Γ
637 1869 702 1907 hic
744 1869 828 1908 illic
871 1881 1055 1919 aspersae
1098 1872 1203 1908 sunt.
1267 1870 1396 1908 Tituli
1436 1870 1486 1909 ab
1529 1869 1617 1920 ipso
1658 1868 1822 1909 librario

254 1929 407 1967 exarati
444 1931 485 1968 et
522 1929 620 1967 satis
656 1941 846 1980 magnam
881 1929 1105 1968 redolentes
1139 1929 1426 1979 antiquitatem
1460 1929 1654 1979 praebent
1684 1929 1824 1981 genui-

252 2001 346 2026 nam
377 1988 618 2038 scripturam
656 1987 867 2036 Vergilium
898 2001 928 2027 c.
954 1988 975 2025 I
1002 1989 1074 2039 24,
1094 1988 1156 2027 tit.
1218 1988 1315 2027 Inde
1354 2001 1378 2027 a
1417 2001 1530 2027 serm.
1561 1988 1583 2026 I
1614 1990 1654 2040 4,
1676 1989 1730 2027 66
1763 1988 1824 2027 111-

255 2047 367 2097 grius
400 2048 671 2085 atramentum
703 2048 743 2085 et
773 2047 945 2086 minores
977 2047 1147 2086 litterae.

374 2117 402 2143 s.
427 2105 469 2143 II
497 2107 532 2156 7,
550 2106 603 2143 28
629 2118 792 2155 prorsus
821 2106 902 2144 alia
927 2118 1068 2144 manus
1094 2106 1246 2157 incipit,
1273 2108 1313 2145 et
1337 2108 1418 2145 tres
1443 2118 1582 2146 versus
1603 2100 1680 2159 (25
1690 2103 1822 2159 -27)

253 2164 415 2214 repetiti
453 2167 557 2203 sunt.
617 2165 703 2203 Hoc
740 2166 877 2204 autem
914 2166 1237 2215 supplementum
1273 2179 1353 2204 non
1391 2179 1438 2204 ex
1469 2165 1686 2216 originario
1718 2165 1821 2205 libro

255 2225 459 2273 sumptum
491 2226 568 2273 est,
599 2236 693 2262 nam
717 2236 746 2262 s.
771 2224 812 2261 II
840 2226 876 2275 7,
899 2226 951 2263 27
986 2237 1009 2262 a
1039 2224 1160 2263 habet
1184 2224 1463 2272 Nequaquam,
1495 2224 1824 2274 supplementum

253 2282 509 2331 Nequiquam.
558 2283 694 2321 Etiam
725 2284 1049 2333 supplementum
1079 2283 1294 2322 admodum
1323 2284 1474 2323 bonum
1498 2285 1575 2322 est:
1601 2295 1631 2322 s.
1650 2283 1691 2322 H
1715 2285 1751 2335 7,
1766 2285 1824 2324 80

254 2342 383 2380 solum
415 2342 621 2392 archetypi
651 2342 859 2382 lectionem
892 2355 1095 2381 conserues
1126 2343 1317 2382 seruauit.
1368 2342 1500 2382 Codex
1531 2356 1555 2381 a
1585 2336 1816 2383 Avennione

254 2402 411 2450 emptus
448 2403 524 2452 est,
562 2414 642 2440 non
679 2414 700 2440 e
731 2401 935 2451 pontificia
971 2402 1213 2441 bibliotheca
1250 2402 1452 2441 oriundus.
1517 2402 1728 2441 Secretarii
1772 2403 1820 2442 de

255 2458 415 2510 Olgiato
449 2455 572 2512 (circa
597 2473 631 2498 a.
660 2456 793 2513 1603)
825 2474 947 2499 manu
979 2461 1217 2500 adnotatum
1246 2463 1323 2500 est:
1356 2458 1492 2501 ‘Hunc
1522 2463 1688 2501 codicem
1715 2463 1821 2501 notis

255 2519 486 2566 adspersum
515 2518 717 2558 Aueuioue
747 2521 964 2559 ueheudum
995 2517 1251 2559 curauimus?

371 2578 418 2615 In
450 2578 766 2629 orthographicis
800 2579 918 2618 rebus
954 2580 1184 2618 melioribus
1220 2580 1392 2620 testibus
1424 2581 1705 2620 adscribendus
1739 2582 1819 2620 est:

531 2641 738 2686 proteruos
768 2646 813 2677 al
846 2633 978 2692 (epod.
1008 2640 1074 2690 16,
1096 2635 1170 2692 22)
1202 2652 1294 2679 cum
1325 2640 1381 2678 Rl

537 2698 723 2736 necleetus
754 2711 784 2737 c.
815 2697 878 2735 III
911 2700 947 2750 2,
970 2700 1025 2738 30
1057 2706 1101 2737 al
1117 2707 1168 2738 π1
1191 2699 1347 2738 cons.A

539 2769 570 2795 c.
596 2757 657 2795 ΙΠ
683 2759 720 2809 9,
742 2760 765 2797 9
799 2758 975 2797 tkraessa
1005 2771 1097 2797 cum
1127 2759 1173 2796 B.

368 2815 499 2854 Adde:
539 2817 703 2864 epistula
734 2817 847 2867 epist.
880 2817 921 2854 H
954 2820 991 2868 2,
1013 2819 1087 2856 22:
1125 2831 1148 2856 a
1167 2818 1202 2856 R
1221 2831 1251 2856 π

540 2877 667 2914 umeri
698 2889 731 2914 a.
763 2890 799 2926 p.
828 2877 885 2915 40
910 2889 934 2914 a
952 2877 988 2914 R
1008 2876 1030 2915 δ
1132 2870 1135 2873 ’

535 2946 730 2983 posquam
761 2935 874 2985 epist.
907 2936 927 2972 I
961 2938 1026 2986 10,
1048 2938 1100 2974 37
1130 2949 1154 2975 a
