2008 3230
801 116 1089 154 PRAEFATIO.
1612 116 1741 153 'XXXI

157 227 205 286 (f.
234 226 488 286 143—146)
527 244 552 271 a
581 230 714 282 priore
751 231 924 282 remota,
956 229 1152 282 carmina,
1185 229 1311 282 epod,
1343 242 1505 270 carmen
1535 231 1741 270 saeculare

156 292 307 332 insunt.
368 292 538 342 Epodon
568 291 670 330 libro
703 290 954 329 inscribitur:
992 290 1055 330 .V.
1089 291 1310 333 carminum
1342 286 1388 343 (f.
1418 284 1549 344 1931).
1594 289 1742 336 Quam-

88 378 91 379 ν
158 364 282 403 quam
322 351 434 402 prior
472 353 513 390 et
553 351 682 390 altera
720 351 857 401 partes
898 350 1022 389 etiam
1061 349 1104 388 in
1146 349 1467 402 orthographicis
1507 349 1627 389 rebus
1668 349 1741 388 ali-

158 413 358 463 quantum
394 410 500 450 inter
536 423 578 451 se
615 410 860 461 discrepant,
901 410 1038 449 tamen
1074 411 1268 461 utraque,
1310 409 1408 460 quia
1448 422 1541 449 cum
1583 409 1668 449 cod.
1705 410 1743 448 V

156 471 305 510 mirum
336 472 537 522 quantum
567 469 778 521 consentit,
810 469 861 508 ab
887 469 1026 508 eodem
1050 469 1186 509 codice
1212 469 1402 521 originali
1425 469 1645 520 repetenda
1671 471 1742 509 est.

157 530 395 581 Descriptus
421 532 483 570 est
505 544 533 583 g
552 543 599 569 ex
625 529 758 569 codice
778 529 927 568 litteris
945 529 1184 568 minusculis
1202 529 1324 581 picto,
1350 542 1398 568 ex
1417 530 1533 579 parte
1552 529 1743 581 dictatus,

156 589 278 642 idque
297 591 340 629 in
359 590 592 630 Germania:
618 602 649 628 c.
674 589 738 628 ΙΠ
760 591 826 641 16,
847 591 901 628 41
929 589 1146 638 miyclonus
1169 602 1242 639 pro
1267 590 1478 638 miydoniis
1507 602 1539 629 c.
1560 589 1581 627 Ι
1603 591 1670 641 17,
1689 592 1740 628 17

156 652 224 690 mr
254 651 391 690 educta
421 663 496 701 pro
525 651 570 689 in
593 649 777 696 reducta‚·
809 648 924 700 epist.
949 648 992 688 II
1014 651 1051 701 1,
1073 651 1129 688 60
1161 660 1252 688 arco
1277 661 1351 699 pro
1377 651 1486 696 arto,·
1516 661 1547 688 c.
1573 649 1615 687 II
1637 651 1674 700 1,
1688 650 1741 688 38

160 712 301 752 ueniae
336 723 409 761 pro
439 710 582 749 neniae
618 703 698 762 (gv
716 703 815 762 pr.);
860 721 891 748 c.
918 720 948 747 s.
981 710 1036 748 25
1076 709 1226 757 feraces
1255 722 1329 759 pro
1360 720 1538 761 uerace33
1583 709 1699 759 epist.
1724 709 1746 746 I

165 773 202 822 1,
223 772 280 810 80
310 781 450 810 uenere
474 783 546 820 pro
572 769 715 818 fenore.
767 767 975 808 Correctos
999 768 1109 808 locos
1133 780 1285 819 paucos
1310 768 1470 808 exhibet
1491 783 1531 820 g,
1556 768 1625 808 sed
1652 768 1744 807 ubi-

159 842 332 881 cumque
369 831 480 881 sunt,
512 837 562 881 g2
597 841 740 868 ueram
775 828 990 868 lectionem
1026 828 1139 867 illius
1177 828 1415 879 exemplaris
1455 829 1745 880 repraesentat,

161 889 268 929 unde
300 903 327 942 g
357 889 442 940 ipse
474 888 697 939 descriptus
723 889 802 939 est,
832 890 882 927 ut
914 900 943 928 s.
969 888 990 927 I
1011 890 1049 940 2,
1073 890 1157 928 110
1188 889 1248 928 illi
1278 895 1327 941 gl
1361 889 1443 928 tolli
1466 895 1515 941 g2
1542 901 1635 928 eum
1655 888 1745 940 BV,

161 949 474 989 aduersantibus
506 948 647 988 ceteris
680 948 899 1000 ordinibus,
930 948 1002 987 ubi
1025 948 1124 997 pelli
1156 949 1278 987 extat.

276 1034 305 1072 g
336 1020 560 1071 descriptus
595 1021 656 1059 est
681 1033 728 1059 ex
754 1020 934 1070 exemplo
960 1033 1147 1070 peruerse
1173 1020 1325 1072 ligato3
1356 1020 1448 1059 inde
1473 1020 1530 1072 fit,
1561 1021 1611 1059 ut
1634 1022 1745 1060 totae

157 1081 293 1132 partes
330 1080 456 1129 falsis,
481 1080 580 1119 locis
618 1079 874 1132 reperiantur
914 1079 1154 1131 saepiusque
1186 1080 1478 1119 sententiarum
1508 1079 1647 1120 hiatus
1679 1081 1743 1120 de-

157 1139 431 1191 prehendatur
459 1139 763 1178 insulsissimus.
824 1139 901 1190 Ita,
931 1141 981 1178 ut
1006 1139 1086 1179 duo
1113 1140 1326 1179 afferamus
1352 1140 1546 1192 exempla,
1577 1139 1646 1180 fol.
1673 1143 1745 1180 '71r

157 1212 182 1239 a
210 1211 240 1239 S.
271 1199 314 1238 Π
340 1201 379 1252 6,
400 1200 454 1239 93
494 1199 548 1238 ad
586 1198 701 1249 epist.
727 1198 748 1237 I
777 1200 843 1251 16,
866 1201 919 1238 67
962 1200 1003 1238 et
1039 1199 1108 1238 fol.
1142 1201 1219 1239 55v
1262 1212 1287 1238 a
1311 1212 1341 1239 s.
1367 1199 1388 1238 I
1409 1202 1447 1251 9,
1468 1201 1522 1239 29
1566 1200 1618 1238 ad
1649 1212 1679 1238 s.
1704 1200 1745 1239 II

161 1261 199 1312 3,
221 1261 304 1299 129
331 1259 571 1298 transilitur.
620 1258 854 1310 Paginatim
879 1258 1147 1309 transpositas
1173 1271 1258 1298 esse
1282 1260 1419 1310 partes
1445 1272 1517 1299 nec
1542 1272 1615 1299 nos
1635 1260 1745 1311 fugit

158 1332 232 1359 nec
256 1319 499 1358 Mauricium
525 1318 809 1371 Schmidtium3
841 1318 1084 1358 Ribbeckius
1112 1332 1222 1371 uero,
1255 1332 1349 1358 cum
1373 1332 1455 1359 non
1479 1319 1746 1359 intellexisset

157 1379 260 1419 hanc
285 1378 431 1419 codicis
456 1392 484 1430 g
508 1378 791 1431 condicionem,
818 1380 859 1417 et
883 1378 931 1418 de
952 1379 1170 1429 archetypo
1191 1381 1232 1418 et
1251 1379 1299 1418 de
1318 1379 1491 1419 Horatio
1510 1379 1599 1430 ipso
1619 1380 1742 1419 miras

158 1438 407 1537 gxcpIgitauit
446 1438 757 1491 alucinationes,
799 1451 900 1490 quas
941 1438 1066 1478 etiam
1109 1438 1236 1478 edidit
1279 1439 1322 1478 in
1364 1439 1502 1479 libello
1541 1435 1742 1490 ‘Episteln

188 1530 196 1538 .
269 1511 325 1538 or.
344 1528 354 1538 .
1737 1514 1739 1516 ,

277 1570 424 1621 Lyrica
453 1582 548 1621 pars
587 1570 629 1609 in
660 1584 687 1623 g
717 1570 823 1610 inter
853 1555 916 1609 ΙΙΙ
947 1572 988 1610 et
1017 1557 1048 1610 Ι
1071 1572 1112 1610 et
1141 1556 1194 1610 ff
1216 1570 1373 1610 ordines
1408 1571 1583 1612 fluctuat
1612 1585 1743 1623 neque

159 1642 213 1682 ad
239 1642 351 1683 aliud
377 1642 601 1694 quidquam
624 1642 726 1682 utile
753 1644 824 1695 est,
860 1642 939 1681 nisi
964 1643 1073 1693 quod
1098 1643 1150 1682 ad
1174 1643 1471 1684 restituendum
1495 1630 1545 1683 ΙΙ
1563 1643 1744 1684 ordinem

161 1701 303 1742 auxilii
335 1702 491 1753 aliquid
521 1702 614 1741 inde
638 1705 774 1753 petere
799 1715 1025 1753 possumus.
1082 1703 1140 1742 At
1170 1703 1213 1741 in
1238 1703 1488 1742 sermonibus
1515 1704 1678 1754 quidem
1705 1706 1746 1743 et

157 1774 360 1826 epistulis,
403 1773 476 1812 ubi
509 1759 559 1813 H
590 1774 741 1814 ordinis
780 1776 859 1826 est,
896 1788 924 1826 g
959 1774 1069 1813 haud
1108 1775 1228 1825 parui
1268 1775 1462 1814 momenti
1503 1787 1587 1815 esse
1625 1776 1743 1815 facile

158 1834 344 1874 fatemur.
406 1834 483 1872 Est
512 1834 584 1873 ubi
614 1848 642 1886 g
673 1834 783 1874 solus
813 1847 955 1873 ueram
988 1834 1202 1873 lectionem
1236 1834 1436 1874 seruauit:
1479 1847 1509 1874 s.
1535 1835 1576 1874 II
1598 1838 1635 1887 3,
1658 1837 1742 1875 208

156 1895 264 1933 ueris
294 1895 448 1934 sceleris
477 1907 550 1945 pro
587 1896 675 1933 ueri
705 1894 867 1956 sceler‘ffi
892 1889 1008 1949 (AB'
1038 1893 1241 1947 deficiunt,
1273 1894 1322 1934 de
1352 1894 1389 1933 V
1420 1908 1566 1945 pamm
1602 1895 1744 1947 liquet,

157 1966 251 2006 uide
288 1967 448 2006 nostrae
487 1966 674 2006 editionis
710 1966 792 2006 uol.
818 1961 896 2020 ΙΙ),
939 1967 1149 2016 praeterea
1179 1979 1300 2006 uerae
1334 1967 1429 2005 sunt
1465 1967 1618 2006 formae
1649 1967 1743 2006 hae:

157 2038 187 2065 s.
206 2026 248 2065 II
271 2029 306 2078 1,
324 2028 376 2066 17
398 2027 500 2065 dero.
532 2038 562 2065 s.
581 2025 623 2065 ΙΙ
644 2028 682 2078 3,
699 2028 783 2066 265
810 2023 956 2066 serffls.
988 2025 1103 2076 epist.
1123 2026 1144 2065 I
1166 2028 1234 2079 20,
1257 2028 1307 2065 11
1330 2027 1456 2075 uolqi:
1482 2039 1585 2077 quae
1606 2039 1743 2067 omnes

158 2086 243 2126 solo
276 2086 410 2126 codice
442 2099 469 2137 g
499 2086 714 2125 memoriae
745 2086 929 2137 proditae
961 2087 1067 2126 sunt.
1129 2086 1273 2125 Nescio
1313 2099 1365 2125 an
1397 2086 1522 2126 etiam
1560 2099 1676 2126 serm.
1703 2087 1744 2125 Π

157 2147 198 2198 3,
222 2148 305 2185 129
338 2158 523 2185 seruosue
554 2148 617 2184 tuo
650 2141 742 2200 (pro
774 2141 879 2200 tuos)
906 2157 1000 2195 quos
1025 2158 1115 2185 aere
1132 2147 1301 2195 pararis
1324 2159 1423 2185 uera
1448 2146 1567 2186 lectio
1595 2146 1664 2198 sit,
1692 2160 1743 2185 an

158 2205 208 2244 iis
236 2205 542 2245 adsentiendum
567 2207 639 2258 est,
672 2206 744 2256 qui
769 2207 810 2245 et
836 2218 864 2246 S.
891 2206 932 2245 II
953 2208 991 2258 3,
1014 2207 1098 2245 208
1126 2208 1167 2245 et
1191 2218 1221 2245 s.
1247 2206 1289 2245 II
1309 2208 1347 2258 3,
1370 2208 1453 2245 129
1487 2219 1567 2246 non
1604 2219 1744 2246 ueram

163 2265 372 2316 archetypi
402 2265 633 2317 lectionem,
671 2265 740 2305 sed
770 2265 851 2304 uiri
882 2265 991 2305 docti
1021 2265 1233 2305 cuiusdam
1264 2267 1534 2306 correcturam
1564 2266 1744 2318 ingenio-

159 2337 247 2364 sam
278 2338 324 2364 ac
355 2325 514 2365 felicem
544 2325 587 2364 in
618 2339 645 2377 g
675 2325 858 2376 praeberi
890 2325 1138 2376 opinantur?

282 2383 605 2436 Orthographica
629 2385 702 2424 illa
721 2386 904 2436 exempla
922 2387 1031 2425 certo
1051 2385 1230 2437 genuina
1249 2388 1361 2439 sunt3
1388 2399 1638 2437 quamquam
1655 2387 1698 2425 in
1717 2401 1744 2439 g

158 2445 243 2484 solo
264 2445 388 2484 etiam
406 2444 671 2496 improbanda
691 2445 891 2496 quaedam
909 2445 951 2484 id
969 2459 1096 2498 genus
1115 2446 1384 2498 reperiuntur,
1398 2448 1447 2485 ut
1466 2446 1581 2497 epist.
1596 2446 1617 2484 Ι
1633 2449 1699 2498 18,
1717 2449 1741 2485 3

157 2506 359 2556 meritrici,
398 2507 439 2544 et
474 2505 615 2557 dubia,
652 2507 702 2544 ut
739 2519 768 2545 s.
794 2505 835 2544 II
856 2507 894 2558 3,
917 2507 971 2546 55
1003 2511 1134 2557 rupis,
1178 2519 1294 2546 serm.
1319 2506 1340 2545 Ι
1361 2509 1399 2558 6,
1421 2508 1477 2546 84
1515 2508 1744 2555 opprobrio,-

158 2577 187 2604 s.
218 2564 261 2604 Π
286 2566 325 2616 4,
346 2566 400 2604 59
443 2565 615 2612 cochlea;
657 2565 772 2616 epist.
804 2566 825 2604 Ι
852 2567 920 2616 15,
942 2567 995 2606 32
1039 2567 1238 2615 quidqwid.
1315 2565 1433 2606 Certo
1475 2567 1603 2605 falsae
1648 2569 1744 2605 sunt

159 2625 350 2664 lectiones
374 2622 515 2675 priuae
541 2638 570 2664 s.
596 2625 617 2663 Ι
639 2627 676 2676 6,
700 2627 782 2665 122
809 2627 951 2674 scripto
982 2639 1054 2676 pro
1081 2627 1190 2677 lect03
1222 2638 1251 2666 s,
1277 2627 1319 2665 H
1340 2628 1377 2678 8,
1401 2628 1453 2665 11
1489 2627 1647 2665 detersit
1668 2639 1741 2676 pro

153 2686 356 2732 pertersit,-
387 2684 502 2735 epist.
522 2685 602 2737 16,
617 2687 671 2724 59
699 2686 915 2734 transferre
939 2699 1012 2736 pro
1038 2687 1230 2732 transire,·
1260 2686 1375 2736 epist.
1395 2686 1436 2723 II
1459 2688 1496 2736 1,
1518 2687 1572 2724 36
1600 2685 1744 2724 adhinc

159 2756 232 2793 pro
273 2745 422 2784 abhinc.
475 2744 621 2788 Etiam
660 2746 764 2784 mule
803 2741 886 2798 (=
906 2740 1061 2798 mulae)
1099 2757 1128 2783 s.
1160 2745 1180 2783 I
1207 2747 1245 2796 5,
1267 2747 1321 2784 47
1354 2758 1428 2795 pro
1467 2746 1566 2783 ‘muli
1606 2756 1743 2795 super-

159 2815 292 2842 uacua
335 2803 544 2842 cuiusdam
586 2804 841 2856 grammatici
884 2806 946 2843 est
987 2804 1174 2844 mutatio.
1240 2804 1288 2843 In
1330 2804 1573 2843 carminibus
1617 2806 1741 2856 atque

159 2862 299 2913 epodis
329 2876 357 2914 g
392 2865 441 2901 ut
475 2877 666 2915 magnam
703 2864 953 2904 adfinitatem
991 2877 1083 2903 cum
1114 2863 1239 2914 stirpe
1270 2859 1310 2902 α’
1340 2877 1437 2914 prae
1475 2876 1516 2903 se
1547 2865 1645 2917 fert,
1682 2865 1741 2904 ita

163 2922 323 2973 aliquot
352 2922 543 2962 lectiones
567 2924 845 2963 Mauortianas
877 2924 1036 2963 exhibet
1067 2926 1108 2963 et
1140 2923 1383 2963 celebratam
1406 2924 1520 2964 illam
1546 2925 1741 2964 Mauortii
