2008 3230
855 134 1144 172 PRAEFATIO.
1740 137 1791 172 XI

208 249 364 300 glossae
384 249 618 289 Theotiscae
644 249 774 288 altera
797 261 922 288 manu
948 261 1132 299 aspersae
1151 248 1433 301 inueniuntur,
1459 250 1507 289 cf.
1523 249 1789 301 Steinmeyer-

211 308 378 360 Sievers,
410 309 499 348 ahd.
544 308 711 349 Glossen
735 309 777 347 II
802 322 840 359 p.
862 309 960 352 338.
1022 308 1139 348 Alter
1169 309 1291 348 codex
1322 309 1575 361 Mellicensis,
1608 310 1676 349 sed
1709 323 1789 349 non

208 367 473 421 Horatianus,
512 383 533 408 e
571 370 665 408 fano
706 381 735 408 s.
768 368 958 408 Germani
997 368 1373 409 Autessiodurensis
1414 365 1491 423 (st.
1531 369 1721 409 Germain
1757 370 1789 408 l’

210 423 446 482 Auxerrois)
479 429 675 481 originem
705 428 829 468 ducit.
891 429 939 467 In
970 428 1058 479 ipso
1090 428 1224 469 codice
1255 429 1297 468 M
1329 429 1569 469 adnotatum
1600 429 1789 482 legimus:

208 484 306 528 ‘Iste
336 489 433 528 liber
461 484 713 539 redv'snteyrat’
747 491 803 528 est
833 490 881 528 ab
913 489 1089 529 odelrico.
1123 484 1200 528 cui'
1234 492 1270 528 et
1300 486 1412 529 erat?

943 579 997 623 E'
1032 598 1052 624 e

327 651 381 694 E'
406 650 527 709 (saec.
555 643 636 710 XP)
658 674 714 688 =
734 656 768 695 Ε
792 653 845 708 -Ι-
868 669 901 708 0,
932 655 1237 696 Ratisbonensis
1270 658 1311 696 et
1328 657 1686 711 Stuttgartiensis,
1720 660 1791 711 qui

210 714 326 756 ambo
369 716 420 755 ad
459 716 629 756 uerbum
669 716 775 756 inter
815 728 856 755 se
900 717 1148 768 congruunt,
1196 719 1374 756 ceterum
1418 718 1502 757 cod.
1535 732 1555 758 e
1590 719 1692 758 nihil
1730 721 1792 759 est

210 775 288 815 nisi
325 776 425 815 exile
463 776 753 829 fragmentum,
791 776 971 816 continet
1007 777 1289 816 tantummodo
1329 790 1443 817 serm.
1476 778 1496 816 I
1531 780 1574 829 1,
1602 781 1790 818 6—117.

209 836 285 874 Est
313 836 578 899 biblioth—eoae
609 836 796 887 publicae
829 836 1174 889 Stuttgartiensis,
1205 849 1276 876 ms.
1302 839 1408 888 poet.
1436 839 1477 877 et
1500 838 1598 889 phil.
1615 840 1670 878 53
1692 834 1791 894 (47)

210 920 310 947 saec.
330 908 543 959 XI—XII,
573 909 755 958 membr.,
790 909 870 948 duo
902 908 1002 948 folia
1034 922 1058 948 a
1089 909 1183 948 libri
1214 909 1425 949 cuiusdam
1458 911 1691 962 tegumento
1724 912 1790 951 de-

209 969 358 1020 tracta,
398 982 491 1008 cum
523 969 683 1008 scholiis
714 969 1024 1022 marginalibus,
1056 982 1160 1021 quae
1193 982 1299 1009 nunc
1331 969 1494 1021 quidem
1526 973 1789 1011 euanuerunt.

979 1077 1013 1116 E

327 1148 361 1186 Ε
384 1165 440 1179 =
462 1148 558 1187 olim
577 1148 881 1188 Ratisbonensis
914 1149 1044 1188 sancti
1068 1150 1355 1189 Emmerammi
1377 1151 1475 1200 685,
1506 1164 1614 1190 nunc
1636 1151 1791 1191 Monac.

207 1207 296 1247 Lat.
321 1208 477 1260 14685,
508 1208 685 1260 membr.,
712 1210 1023 1260 Ο,21><Ο,170
1040 1223 1105 1261 111.,
1138 1222 1231 1250 011111
1262 1209 1395 1249 codice
1423 1209 1452 1249 O
1478 1223 1559 1250 uno
1585 1211 1794 1251 uolumine

209 1268 529 1320 comprehensus,
561 1268 669 1319 quod
701 1268 863 1308 omnino
900 1270 980 1307 121
1015 1268 1124 1308 foliis
1156 1270 1326 1309 constat.
1358 1270 1522 1309 Insunt:

327 1340 396 1379 fol.
426 1341 447 1378 1
466 1352 552 1391 sqq.
583 1352 684 1380 saec.
709 1327 805 1403 XTI—I:
843 1341 1028 1380 Sallustii
1058 1341 1150 1380 bell.
1184 1340 1302 1380 Catil.
1335 1343 1376 1380 et
1406 1342 1707 1394 Iugurthinum.

330 1412 399 1451 fol.
428 1412 481 1450 56
498 1424 583 1463 sqq.
610 1425 709 1451 saec.
730 1413 805 1451 XI:
850 1412 996 1453 Horati
1021 1412 1211 1464 carmina,
1237 1413 1305 1453 fol.
1330 1414 1384 1452 74
1394 1426 1478 1465 sqq.
1505 1415 1659 1465 epodon
1680 1416 1794 1466 liber,

205 1471 274 1510 fol.
298 1473 352 1511 77
368 1483 424 1522 sq.
451 1484 612 1511 carmen
637 1473 854 1522 saeculare,
885 1473 954 1512 fol.
984 1474 1007 1511 7
1013 1474 1037 1512 8
1054 1485 1139 1524 sqq.
1172 1473 1220 1512 de
1247 1475 1333 1512 arte
1367 1473 1539 1524 poetica,
1570 1476 1639 1515 fol.
1663 1478 1717 1516 82
1734 1488 1790 1527 sq.

209 1544 375 1571 sermon.
409 1531 429 1570 Ι
461 1533 501 1581 4,
524 1533 729 1581 122-6,
749 1534 806 1572 40
845 1534 886 1571 et
915 1533 957 1571 II
984 1534 1021 1573 8.
1053 1533 1122 1573 fol.
1154 1534 1208 1572 83
1230 1546 1315 1584 sqq.
1356 1533 1471 1584 epist.
1502 1534 1596 1574 libri
1627 1536 1686 1585 II,
1723 1537 1792 1575 fol.

210 1593 264 1630 92
279 1603 365 1642 sqq.
398 1603 629 1631 sermonum
660 1592 767 1631 libri·
784 1593 835 1631 II.
886 1593 955 1632 fol.
979 1594 1061 1633 106
1078 1606 1163 1645 sqq.
1196 1594 1309 1632 extat
1333 1594 1531 1634 Matthaei
1550 1595 1792 1635 Vindocien-

209 1651 261 1690 sis
282 1651 429 1691 Tobias
455 1651 541 1691 siue
568 1652 827 1702 paraphrasis
854 1652 947 1691 libri
968 1652 1118 1692 Tobiae
1137 1653 1321 1692 uersibus
1342 1654 1531 1705 elegiacis
1557 1657 1792 1706 composita.

330 1711 436 1750 Sunt
466 1711 594 1763 igitur
631 1712 710 1751 duo
749 1712 911 1751 Horatii
949 1713 1103 1752 codices
1147 1726 1228 1752 non
1266 1713 1432 1766 integri,
1471 1728 1645 1766 quorum
1675 1718 1793 1756 uetu-

208 1782 372 1822 stiorem
402 1782 541 1822 littera
567 1782 609 1833 O,
640 1784 903 1824 recentiorem
927 1784 961 1823 Ε
994 1786 1193 1824 notamus.
1227 1784 1256 1824 O
1283 1785 1324 1824 H
1350 1785 1500 1825 ordinis
1527 1788 1600 1836 est,
1634 1787 1732 1827 item
1756 1789 1790 1827 Ε

206 1842 249 1881 111
281 1843 480 1910 epistulis.
542 1843 619 1883 Hic
651 1846 789 1883 autem
821 1844 867 1883 de
899 1844 949 1883 iis
981 1844 1074 1883 libri
1104 1846 1138 1884 E
1170 1845 1357 1895 partibus
1392 1845 1681 1896 disputandum
1721 1851 1792 1900 est,

210 1916 314 1954 quae
345 1903 466 1954 primi
499 1903 649 1943 ordinis
681 1906 794 1944 sunt:
826 1917 857 1944 c.
889 1904 909 1943 I
943 1907 982 1954 1,
1004 1905 1165 1944 1—111
1198 1906 1267 1954 26,
1290 1907 1356 1945 12.
1390 1918 1504 1946 serm.
1536 1906 1557 1945 Ι
1591 1908 1793 1956 1,1—1-I

209 1965 248 2013 5,
269 1964 337 2002 86.
372 1964 410 2013 6,
432 1964 591 2015 34—8,
613 1965 680 2003 95.
713 1977 748 2003 a.
768 1979 806 2015 p.
827 1965 974 2004 441—
978 1966 1078 2004 476.

326 2035 360 2074 Ε
387 2036 548 2075 saeculo
573 2036 631 2075 XI
661 2036 788 2076 nitide
821 2038 862 2076 et
893 2037 1102 2088 perspicue
1136 2039 1324 2077 exaratus
1356 2013 1434 2090 est,
1471 2038 1645 2079 fusciore
1684 2042 1792 2080 atra-

208 2097 343 2135 mento
389 2097 430 2135 et
472 2095 694 2136 minoribus
738 2097 886 2136 litteris
931 2110 1054 2148 quam
1091 2097 1141 2147 O,
1185 2098 1254 2137 sed
1297 2098 1540 2138 characteris
1584 2099 1790 2139 simillimi.

208 2154 288 2202 Qui
320 2155 399 2194 duo
433 2155 588 2196 codices
625 2169 788 2207 prorsus
821 2157 971 2197 diuersi
1003 2170 1251 2209 quamquam
1288 2158 1482 2210 colligati,
1514 2160 1650 2198 tamen
1686 2161 1792 2200 clare

207 2215 379 2255 discerni
416 2218 597 2283 possunt.
659 2217 692 2255 Ε
732 2217 1012 2269 quadragenos
1043 2218 1159 2258 binos
1194 2219 1262 2257 uel
1299 2219 1434 2258 ternos
1464 2231 1606 2258 uersus
1638 2220 1681 2259 in
1713 2220 1791 2259 sin-

208 2274 316 2326 gulis
360 2275 520 2326 paginis
554 2276 695 2326 habet,
734 2276 763 2315 C
802 2278 1093 2346 quadragenos.
1166 2278 1277 2325 Quae
1322 2278 1363 2317 in
1408 2281 1609 2329 apparatu
1654 2280 1792 2320 critico

209 2347 240 2373 c.
273 2334 293 2373 Ι
328 2336 419 2373 1—
426 2335 488 2373 III
515 2337 582 2387 26,
605 2337 658 2374 12
691 2339 789 2376 nota
822 2337 851 2376 O
884 2337 1156 2398 signauimus,
1194 2351 1241 2378 ea
1272 2338 1324 2377 ad
1354 2338 1387 2377 Ε
1420 2339 1558 2389 potius
1588 2340 1794 2390 pertinent

208 2389 308 2448 (uid.
349 2367 652 2435 adnotationem
690 2397 742 2435 ad
779 2410 810 2436 c.
843 2397 905 2436 ΙΙΙ
938 2392 1128 2452 26,12).
1190 2398 1288 2438 Post
1321 2395 1613 2448 arroycmtem’
1646 2413 1792 2440 nouem

209 2454 338 2494 lineae
369 2467 525 2495 uacuae
556 2455 720 2496 relictae
746 2459 858 2508 sunt3
889 2459 1100 2508 praeterea
1128 2458 1320 2498 ultimum
1347 2459 1624 2509 quaternionis
1649 2460 1793 2499 folium

209 2514 332 2564 deest,
364 2515 472 2565 quod
496 2517 907 2569 praetermittebatur,
940 2517 1037 2569 quia
1069 2518 1120 2557 ad
1145 2519 1416 2569 supplendum
1439 2518 1469 2557 O
1495 2531 1793 2570 superuacuum

210 2576 307 2613 erat.
378 2574 483 2614 Hinc
523 2575 730 2628 colligitur
768 2577 941 2628 primam
981 2578 1074 2616 libri
1113 2579 1147 2617 Ε
1188 2580 1346 2629 partem
1386 2578 1579 2629 scriptam
1619 2593 1703 2620 esse
1742 2581 1793 2619 ad

209 2634 477 2684 supplendum
507 2636 684 2675 codicem
717 2635 758 2688 O,
791 2637 863 2688 qui
893 2651 1058 2677 mancus
1090 2638 1224 2678 factus
1256 2641 1353 2677 erat.

328 2694 450 2733 Haud
481 2695 677 2735 absimilis
709 2698 770 2735 est
804 2696 833 2735 G
862 2699 904 2736 et
929 2698 962 2735 Ε
995 2697 1191 2736 librorum
1216 2698 1258 2736 in
1290 2700 1378 2737 arte
1409 2698 1568 2748 poetica
1599 2699 1792 2739 condicio.

212 2752 288 2798 Qui
320 2752 350 2791 C
381 2754 550 2823 scripsit,
582 2755 674 2794 inde
707 2769 731 2794 a
763 2769 802 2795 u.
824 2757 906 2794 441
943 2770 1023 2796 non
1059 2756 1221 2809 habuit,
1260 2757 1366 2797 unde
1405 2757 1661 2811 describeret,
1700 2772 1793 2799 cum

214 2812 256 2850 in
288 2814 467 2863 exemplo
498 2809 550 2855 B'
581 2828 723 2855 uersus
756 2817 990 2855 441-476
1026 2817 1218 2856 deessent.
1269 2816 1299 2856 O
1325 2817 1453 2869 igitur
1477 2817 1569 2857 inde
1595 2831 1620 2857 a
1643 2832 1683 2858 u.
1706 2821 1789 2859 441

214 2884 380 2911 mancus
413 2875 509 2912 erat.
571 2875 618 2913 In
650 2876 684 2914 B
717 2876 1051 2927 subscriptionem
1085 2877 1333 2916 inuenimus:
1371 2877 1520 2917 FINIT
1558 2877 1793 2919 POETICA

214 2942 431 2985 SERMON
461 2942 875 2988 L1b·1-1NOIP1T.
925 2948 972 2987 In
999 2947 1028 2989 O
1058 2948 1220 2989 scholiis
1253 2962 1300 2990 ac
1332 2949 1488 2990 duabus
1521 2950 1791 3005 imagunculis
