<?xml version="1.0" encoding="UTF-8"?>
<!DOCTYPE html PUBLIC "-//W3C//DTD XHTML 1.0 Transitional//EN"
    "http://www.w3.org/TR/xhtml1/DTD/xhtml1-transitional.dtd">
<html xmlns="http://www.w3.org/1999/xhtml" xml:lang="en" lang="en">
 <head>
  <title>
</title>
<meta http-equiv="Content-Type" content="text/html;charset=utf-8" />
  <meta name='ocr-system' content='tesseract 3.04.00' />
  <meta name='ocr-capabilities' content='ocr_page ocr_carea ocr_par ocr_line ocrx_word'/>
</head>
<body>
  <div class='ocr_page' id='page_1' title='image "./operahora01horauoft_0176.png"; bbox 0 0 2002 3224; ppageno 0'>
   <div class='ocr_carea' id='block_1_1' title="bbox 288 148 1312 190">
    <p class='ocr_par' dir='ltr' id='par_1_1' title="bbox 288 148 1312 190">
     <span class='ocr_line' id='line_1_1' title="bbox 288 148 1312 190; baseline -0.002 -6"><span class='ocrx_word' id='word_1_1' title='bbox 288 148 346 190; x_wconf 85' lang='lat'>64</span> <span class='ocrx_word' id='word_1_2' title='bbox 836 148 1021 184; x_wconf 83' lang='lat' dir='ltr'>HORATI</span> <span class='ocrx_word' id='word_1_3' title='bbox 1046 148 1312 184; x_wconf 83' lang='lat' dir='ltr'>CARMINVM</span> 
     </span>
    </p>
   </div>
   <div class='ocr_carea' id='block_1_2' title="bbox 634 259 1861 796">
    <p class='ocr_par' dir='ltr' id='par_1_2' title="bbox 636 259 1474 312">
     <span class='ocr_line' id='line_1_2' title="bbox 636 259 1474 312; baseline -0.001 -13"><span class='ocrx_word' id='word_1_4' title='bbox 636 272 726 299; x_wconf 87' lang='lat' dir='ltr'>cum</span> <span class='ocrx_word' id='word_1_5' title='bbox 757 259 831 299; x_wconf 87' lang='lat' dir='ltr'>tihi</span> <span class='ocrx_word' id='word_1_6' title='bbox 862 260 1032 311; x_wconf 85' lang='lat' dir='ltr'>flagrans</span> <span class='ocrx_word' id='word_1_7' title='bbox 1066 272 1175 299; x_wconf 87' lang='lat' dir='ltr'>amor</span> <span class='ocrx_word' id='word_1_8' title='bbox 1206 265 1246 299; x_wconf 88' lang='lat' dir='ltr'>et</span> <span class='ocrx_word' id='word_1_9' title='bbox 1277 259 1417 312; x_wconf 80' lang='lat' dir='ltr'>libido,</span> <span class='ocrx_word' id='word_1_10' title='bbox 1468 280 1474 286; x_wconf 89' lang='lat'>-</span> 
     </span>
    </p>

    <p class='ocr_par' dir='ltr' id='par_1_3' title="bbox 634 330 1466 383">
     <span class='ocr_line' id='line_1_3' title="bbox 634 330 1466 383; baseline 0 -14"><span class='ocrx_word' id='word_1_11' title='bbox 634 342 733 382; x_wconf 88' lang='lat' dir='ltr'>quae</span> <span class='ocrx_word' id='word_1_12' title='bbox 766 330 866 369; x_wconf 86' lang='lat' dir='ltr'>solet</span> <span class='ocrx_word' id='word_1_13' title='bbox 897 335 1043 370; x_wconf 78' lang='lat' dir='ltr'>matres</span> <span class='ocrx_word' id='word_1_14' title='bbox 1075 331 1220 370; x_wconf 80' lang='lat' dir='ltr'>furiare</span> <span class='ocrx_word' id='word_1_15' title='bbox 1255 342 1466 383; x_wconf 81' lang='lat' dir='ltr'>equorum,</span> 
     </span>
    </p>

    <p class='ocr_par' dir='ltr' id='par_1_4' title="bbox 636 401 1859 526">
     <span class='ocr_line' id='line_1_4' title="bbox 636 401 1859 455; baseline 0.002 -15"><span class='ocrx_word' id='word_1_16' title='bbox 636 402 786 440; x_wconf 86' lang='lat' dir='ltr'>saeuiet</span> <span class='ocrx_word' id='word_1_17' title='bbox 819 403 923 441; x_wconf 82' lang='lat' dir='ltr'>eirea</span> <span class='ocrx_word' id='word_1_18' title='bbox 955 403 1066 441; x_wconf 82' lang='lat' dir='ltr'>ieeur</span> <span class='ocrx_word' id='word_1_19' title='bbox 1097 401 1341 455; x_wconf 76' lang='lat' dir='ltr'>ulcerosum,</span> <span class='ocrx_word' id='word_1_20' title='bbox 1816 410 1859 443; x_wconf 82' lang='lat'>15</span> 
     </span>
     <span class='ocr_line' id='line_1_5' title="bbox 693 474 1085 526; baseline 0.003 -15"><span class='ocrx_word' id='word_1_21' title='bbox 693 485 772 512; x_wconf 92' lang='lat' dir='ltr'>non</span> <span class='ocrx_word' id='word_1_22' title='bbox 805 474 890 512; x_wconf 86' lang='lat' dir='ltr'>sine</span> <span class='ocrx_word' id='word_1_23' title='bbox 923 477 1085 526; x_wconf 85' lang='lat' dir='ltr'>questu,</span> 
     </span>
    </p>

    <p class='ocr_par' dir='ltr' id='par_1_5' title="bbox 636 543 1388 596">
     <span class='ocr_line' id='line_1_6' title="bbox 636 543 1388 596; baseline 0 -14"><span class='ocrx_word' id='word_1_24' title='bbox 636 543 735 583; x_wconf 86' lang='lat' dir='ltr'>laeta</span> <span class='ocrx_word' id='word_1_25' title='bbox 767 544 883 596; x_wconf 14' lang='lat' dir='ltr'>quod,</span> <span class='ocrx_word' id='word_1_26' title='bbox 904 543 1031 595; x_wconf 82' lang='lat' dir='ltr'>pubes</span> <span class='ocrx_word' id='word_1_27' title='bbox 1061 544 1208 583; x_wconf 84' lang='lat' dir='ltr'>hedera</span> <span class='ocrx_word' id='word_1_28' title='bbox 1239 545 1388 583; x_wconf 84' lang='lat' dir='ltr'>uirenti</span> 
     </span>
    </p>

    <p class='ocr_par' dir='ltr' id='par_1_6' title="bbox 634 614 1426 667">
     <span class='ocr_line' id='line_1_7' title="bbox 634 614 1426 667; baseline -0.003 -13"><span class='ocrx_word' id='word_1_29' title='bbox 634 615 801 667; x_wconf 80' lang='lat' dir='ltr'>gaudeat</span> <span class='ocrx_word' id='word_1_30' title='bbox 834 614 940 666; x_wconf 87' lang='lat' dir='ltr'>pulla</span> <span class='ocrx_word' id='word_1_31' title='bbox 971 616 1095 666; x_wconf 84' lang='lat' dir='ltr'>magis</span> <span class='ocrx_word' id='word_1_32' title='bbox 1129 619 1246 666; x_wconf 85' lang='lat' dir='ltr'>atque</span> <span class='ocrx_word' id='word_1_33' title='bbox 1279 619 1426 666; x_wconf 81' lang='lat' dir='ltr'>myrto,</span> 
     </span>
    </p>

    <p class='ocr_par' dir='ltr' id='par_1_7' title="bbox 636 685 1861 796">
     <span class='ocr_line' id='line_1_8' title="bbox 636 685 1293 725; baseline -0.002 0"><span class='ocrx_word' id='word_1_34' title='bbox 636 687 765 725; x_wconf 82' lang='lat' dir='ltr'>aridas</span> <span class='ocrx_word' id='word_1_35' title='bbox 799 686 960 725; x_wconf 87' lang='lat' dir='ltr'>frondes</span> <span class='ocrx_word' id='word_1_36' title='bbox 993 685 1136 725; x_wconf 87' lang='lat' dir='ltr'>hiemis</span> <span class='ocrx_word' id='word_1_37' title='bbox 1169 685 1293 725; x_wconf 87' lang='lat' dir='ltr'>sodali</span> 
     </span>
     <span class='ocr_line' id='line_1_9' title="bbox 696 757 1861 796; baseline -0.001 0"><span class='ocrx_word' id='word_1_38' title='bbox 696 757 852 796; x_wconf 83' lang='lat' dir='ltr'>dedicet</span> <span class='ocrx_word' id='word_1_39' title='bbox 885 758 1006 796; x_wconf 82' lang='lat' dir='ltr'>Euro.</span> <span class='ocrx_word' id='word_1_40' title='bbox 1816 763 1861 796; x_wconf 75' lang='lat'>20</span> 
     </span>
    </p>
   </div>
   <div class='ocr_carea' id='block_1_3' title="bbox 936 875 1218 879">
    <p class='ocr_par' dir='ltr' id='par_1_8' title="bbox 936 875 1218 879">
     <span class='ocr_line' id='line_1_10' title="bbox 936 875 1218 879; baseline 0 0"><span class='ocrx_word' id='word_1_41' title='bbox 936 875 1218 879; x_wconf 95' lang='lat' dir='ltr'> </span> 
     </span>
    </p>
   </div>
   <div class='ocr_carea' id='block_1_4' title="bbox 993 957 1161 1004">
    <p class='ocr_par' dir='ltr' id='par_1_9' title="bbox 993 957 1161 1004">
     <span class='ocr_line' id='line_1_11' title="bbox 993 957 1161 1004; baseline 0.006 -1"><span class='ocrx_word' id='word_1_42' title='bbox 993 957 1161 1004; x_wconf 90' lang='lat' dir='ltr'>XXVI.</span> 
     </span>
    </p>
   </div>
   <div class='ocr_carea' id='block_1_5' title="bbox 636 1053 1410 1092">
    <p class='ocr_par' dir='ltr' id='par_1_10' title="bbox 636 1053 1410 1092">
     <span class='ocr_line' id='line_1_12' title="bbox 636 1053 1410 1092; baseline -0.003 0"><span class='ocrx_word' id='word_1_43' title='bbox 636 1053 759 1092; x_wconf 87' lang='lat' dir='ltr'>Musis</span> <span class='ocrx_word' id='word_1_44' title='bbox 792 1053 943 1091; x_wconf 85' lang='lat' dir='ltr'>amicus</span> <span class='ocrx_word' id='word_1_45' title='bbox 974 1053 1178 1091; x_wconf 84' lang='lat' dir='ltr'>tristitiam</span> <span class='ocrx_word' id='word_1_46' title='bbox 1211 1056 1250 1090; x_wconf 85' lang='lat' dir='ltr'>et</span> <span class='ocrx_word' id='word_1_47' title='bbox 1281 1056 1410 1091; x_wconf 86' lang='lat' dir='ltr'>metus</span> 
     </span>
    </p>
   </div>
   <div class='ocr_carea' id='block_1_6' title="bbox 293 1177 1867 1510">
    <p class='ocr_par' dir='ltr' id='par_1_11' title="bbox 293 1177 1867 1510">
     <span class='ocr_line' id='line_1_13' title="bbox 412 1177 1865 1223; baseline 0 -9"><span class='ocrx_word' id='word_1_48' title='bbox 412 1178 461 1214; x_wconf 86' lang='lat'>14</span> <span class='ocrx_word' id='word_1_49' title='bbox 500 1181 544 1215; x_wconf 84' lang='lat' dir='ltr'>T:</span> <span class='ocrx_word' id='word_1_50' title='bbox 583 1179 685 1215; x_wconf 85' lang='lat' dir='ltr'>Seru.</span> <span class='ocrx_word' id='word_1_51' title='bbox 707 1179 755 1214; x_wconf 86' lang='lat' dir='ltr'>ad</span> <span class='ocrx_word' id='word_1_52' title='bbox 775 1180 866 1214; x_wconf 85' lang='lat' dir='ltr'>Aen.</span> <span class='ocrx_word' id='word_1_53' title='bbox 887 1179 921 1212; x_wconf 87' lang='grc' dir='ltr'>ΙΙ</span> <span class='ocrx_word' id='word_1_54' title='bbox 946 1181 1014 1212; x_wconf 85' lang='grc'>407</span> <span class='ocrx_word' id='word_1_55' title='bbox 1099 1178 1141 1214; x_wconf 88' lang='lat' dir='ltr'>S:</span> <span class='ocrx_word' id='word_1_56' title='bbox 1180 1177 1291 1223; x_wconf 84' lang='lat' dir='ltr'>Verg.</span> <span class='ocrx_word' id='word_1_57' title='bbox 1312 1187 1369 1222; x_wconf 90' lang='lat' dir='ltr'>ge.</span> <span class='ocrx_word' id='word_1_58' title='bbox 1390 1177 1441 1212; x_wconf 89' lang='grc' dir='ltr'>ΠΙ</span> <span class='ocrx_word' id='word_1_59' title='bbox 1467 1181 1553 1213; x_wconf 78' lang='lat'>266:</span> <span class='ocrx_word' id='word_1_60' title='bbox 1594 1177 1739 1213; x_wconf 79' lang='lat' dir='ltr'>scilieet</span> <span class='ocrx_word' id='word_1_61' title='bbox 1775 1179 1865 1214; x_wconf 76' lang='lat' dir='ltr'>ante</span> 
     </span>
     <span class='ocr_line' id='line_1_14' title="bbox 293 1225 1865 1272; baseline -0.001 -11"><span class='ocrx_word' id='word_1_62' title='bbox 293 1227 413 1262; x_wconf 80' lang='lat' dir='ltr'>omnis</span> <span class='ocrx_word' id='word_1_63' title='bbox 439 1227 564 1262; x_wconf 86' lang='lat' dir='ltr'><strong>furor</strong></span> <span class='ocrx_word' id='word_1_64' title='bbox 588 1229 647 1262; x_wconf 82' lang='lat' dir='ltr'>est</span> <span class='ocrx_word' id='word_1_65' title='bbox 671 1226 830 1271; x_wconf 80' lang='lat' dir='ltr'>insignis</span> <span class='ocrx_word' id='word_1_66' title='bbox 857 1236 1069 1270; x_wconf 88' lang='lat' dir='ltr'>equarum</span> <span class='ocrx_word' id='word_1_67' title='bbox 1107 1227 1118 1270; x_wconf 87' lang='grc' dir='ltr'>ΙΙ</span> <span class='ocrx_word' id='word_1_68' title='bbox 1157 1225 1223 1261; x_wconf 90' lang='lat' dir='ltr'>Ou.</span> <span class='ocrx_word' id='word_1_69' title='bbox 1245 1236 1278 1260; x_wconf 86' lang='lat' dir='ltr'>a.</span> <span class='ocrx_word' id='word_1_70' title='bbox 1300 1235 1332 1261; x_wconf 85' lang='lat' dir='ltr'>a.</span> <span class='ocrx_word' id='word_1_71' title='bbox 1353 1225 1387 1259; x_wconf 88' lang='lat' dir='ltr'>II</span> <span class='ocrx_word' id='word_1_72' title='bbox 1412 1228 1500 1261; x_wconf 82' lang='lat'>487:</span> <span class='ocrx_word' id='word_1_73' title='bbox 1539 1225 1579 1260; x_wconf 90' lang='lat' dir='ltr'>in</span> <span class='ocrx_word' id='word_1_74' title='bbox 1611 1225 1759 1260; x_wconf 80' lang='lat' dir='ltr'>furias</span> <span class='ocrx_word' id='word_1_75' title='bbox 1786 1225 1865 1272; x_wconf 82' lang='lat' dir='ltr'>agi-</span> 
     </span>
     <span class='ocr_line' id='line_1_15' title="bbox 293 1271 1866 1326; baseline 0 -17"><span class='ocrx_word' id='word_1_76' title='bbox 293 1276 422 1310; x_wconf 77' lang='lat' dir='ltr'>tantur</span> <span class='ocrx_word' id='word_1_77' title='bbox 448 1285 589 1319; x_wconf 87' lang='lat' dir='ltr'>equae</span> <span class='ocrx_word' id='word_1_78' title='bbox 707 1296 714 1301; x_wconf 71' lang='lat'><em>‹</em></span> <span class='ocrx_word' id='word_1_79' title='bbox 754 1273 803 1308; x_wconf 83' lang='lat'>15</span> <span class='ocrx_word' id='word_1_80' title='bbox 843 1273 885 1309; x_wconf 86' lang='lat' dir='ltr'>S:</span> <span class='ocrx_word' id='word_1_81' title='bbox 923 1273 1076 1308; x_wconf 81' lang='lat' dir='ltr'>Theocr.</span> <span class='ocrx_word' id='word_1_82' title='bbox 1099 1276 1160 1318; x_wconf 85' lang='lat'>11,</span> <span class='ocrx_word' id='word_1_83' title='bbox 1182 1275 1226 1306; x_wconf 88' lang='lat'>15</span> <span class='ocrx_word' id='word_1_84' title='bbox 1241 1284 1313 1316; x_wconf 84' lang='lat' dir='ltr'>sq.:</span> <span class='ocrx_word' id='word_1_85' title='bbox 1354 1271 1447 1318; x_wconf 77' lang='grc' dir='ltr'><strong><em>ἔχων</em></strong></span> <span class='ocrx_word' id='word_1_86' title='bbox 1485 1272 1721 1326; x_wconf 69' lang='grc' dir='ltr'><strong><em>ὑποκάρδιον</em></strong></span> <span class='ocrx_word' id='word_1_87' title='bbox 1759 1271 1866 1314; x_wconf 77' lang='grc' dir='ltr'><strong><em>ἕλκος</em></strong></span> 
     </span>
     <span class='ocr_line' id='line_1_16' title="bbox 293 1318 1866 1368; baseline -0.001 -11"><span class='ocrx_word' id='word_1_88' title='bbox 293 1322 463 1368; x_wconf 81' lang='grc' dir='ltr'><strong><em>Κύπριος</em></strong></span> <span class='ocrx_word' id='word_1_89' title='bbox 495 1319 536 1357; x_wconf 80' lang='grc' dir='ltr'>ἐκ</span> <span class='ocrx_word' id='word_1_90' title='bbox 568 1321 746 1368; x_wconf 77' lang='grc' dir='ltr'><em>μεγάλας,</em></span> <span class='ocrx_word' id='word_1_91' title='bbox 778 1320 819 1356; x_wconf 85' lang='grc' dir='ltr'>τό</span> <span class='ocrx_word' id='word_1_92' title='bbox 853 1321 888 1356; x_wconf 80' lang='grc' dir='ltr'>οἱ</span> <span class='ocrx_word' id='word_1_93' title='bbox 919 1319 1034 1365; x_wconf 73' lang='grc' dir='ltr'><em>ἥπατι</em></span> <span class='ocrx_word' id='word_1_94' title='bbox 1063 1321 1157 1363; x_wconf 79' lang='grc' dir='ltr'><strong><em>πᾶξε</em></strong></span> <span class='ocrx_word' id='word_1_95' title='bbox 1185 1318 1362 1366; x_wconf 82' lang='grc' dir='ltr'><strong><em>βέλεμνον</em></strong></span> <span class='ocrx_word' id='word_1_96' title='bbox 1381 1321 1392 1364; x_wconf 86' lang='grc' dir='ltr'>ΙΙ</span> <span class='ocrx_word' id='word_1_97' title='bbox 1415 1319 1543 1356; x_wconf 84' lang='lat' dir='ltr'>Boeth.</span> <span class='ocrx_word' id='word_1_98' title='bbox 1562 1320 1656 1365; x_wconf 70' lang='lat' dir='ltr'>phil.</span> <span class='ocrx_word' id='word_1_99' title='bbox 1677 1331 1777 1356; x_wconf 80' lang='lat' dir='ltr'>cons.</span> <span class='ocrx_word' id='word_1_100' title='bbox 1796 1319 1866 1356; x_wconf 84' lang='lat' dir='ltr'>IIII</span> 
     </span>
     <span class='ocr_line' id='line_1_17' title="bbox 294 1367 1866 1414; baseline -0.001 -10"><span class='ocrx_word' id='word_1_101' title='bbox 294 1373 328 1413; x_wconf 85' lang='lat'>3,</span> <span class='ocrx_word' id='word_1_102' title='bbox 349 1373 412 1405; x_wconf 84' lang='lat'>39:</span> <span class='ocrx_word' id='word_1_103' title='bbox 438 1369 575 1404; x_wconf 83' lang='lat' dir='ltr'>mentis</span> <span class='ocrx_word' id='word_1_104' title='bbox 595 1369 719 1404; x_wconf 82' lang='lat' dir='ltr'>ulcere</span> <span class='ocrx_word' id='word_1_105' title='bbox 740 1368 915 1404; x_wconf 83' lang='lat' dir='ltr'>saeuiunt</span> <span class='ocrx_word' id='word_1_106' title='bbox 1012 1368 1059 1403; x_wconf 96' lang='grc'>17</span> <span class='ocrx_word' id='word_1_107' title='bbox 1087 1369 1129 1403; x_wconf 88' lang='lat' dir='ltr'>T:</span> <span class='ocrx_word' id='word_1_108' title='bbox 1157 1367 1295 1403; x_wconf 82' lang='lat' dir='ltr'><strong>Victor.</strong></span> <span class='ocrx_word' id='word_1_109' title='bbox 1315 1379 1351 1411; x_wconf 85' lang='lat' dir='ltr'>p.</span> <span class='ocrx_word' id='word_1_110' title='bbox 1374 1370 1441 1401; x_wconf 89' lang='lat'>157</span> <span class='ocrx_word' id='word_1_111' title='bbox 1516 1367 1560 1404; x_wconf 81' lang='lat' dir='ltr'>S:</span> <span class='ocrx_word' id='word_1_112' title='bbox 1586 1367 1675 1403; x_wconf 82' lang='lat' dir='ltr'>Aue.</span> <span class='ocrx_word' id='word_1_113' title='bbox 1696 1367 1866 1414; x_wconf 75' lang='lat' dir='ltr'>epitaph.</span> 
     </span>
     <span class='ocr_line' id='line_1_18' title="bbox 294 1414 1867 1462; baseline -0.001 -11"><span class='ocrx_word' id='word_1_114' title='bbox 294 1421 350 1462; x_wconf 86' lang='lat'>33,</span> <span class='ocrx_word' id='word_1_115' title='bbox 374 1421 410 1453; x_wconf 87' lang='lat'>1:</span> <span class='ocrx_word' id='word_1_116' title='bbox 444 1417 546 1452; x_wconf 86' lang='lat' dir='ltr'>laeta</span> <span class='ocrx_word' id='word_1_117' title='bbox 643 1417 761 1461; x_wconf 81' lang='lat' dir='ltr'>pubes</span> <span class='ocrx_word' id='word_1_118' title='bbox 908 1415 957 1450; x_wconf 86' lang='grc'>18</span> <span class='ocrx_word' id='word_1_119' title='bbox 997 1415 1039 1451; x_wconf 71' lang='lat' dir='ltr'>St</span> <span class='ocrx_word' id='word_1_120' title='bbox 1079 1414 1146 1450; x_wconf 91' lang='lat' dir='ltr'>Ou.</span> <span class='ocrx_word' id='word_1_121' title='bbox 1168 1426 1200 1449; x_wconf 84' lang='lat' dir='ltr'>a.</span> <span class='ocrx_word' id='word_1_122' title='bbox 1223 1425 1255 1450; x_wconf 81' lang='lat' dir='ltr'>a.</span> <span class='ocrx_word' id='word_1_123' title='bbox 1276 1414 1329 1448; x_wconf 88' lang='lat' dir='ltr'>III</span> <span class='ocrx_word' id='word_1_124' title='bbox 1355 1417 1441 1450; x_wconf 83' lang='lat'>690:</span> <span class='ocrx_word' id='word_1_125' title='bbox 1479 1425 1540 1450; x_wconf 84' lang='lat' dir='ltr'>ros</span> <span class='ocrx_word' id='word_1_126' title='bbox 1565 1414 1680 1450; x_wconf 81' lang='lat' dir='ltr'>maris</span> <span class='ocrx_word' id='word_1_127' title='bbox 1706 1416 1745 1450; x_wconf 88' lang='lat' dir='ltr'>et</span> <span class='ocrx_word' id='word_1_128' title='bbox 1768 1414 1867 1450; x_wconf 82' lang='lat' dir='ltr'>lauri</span> 
     </span>
     <span class='ocr_line' id='line_1_19' title="bbox 293 1461 1743 1510; baseline -0.001 -11"><span class='ocrx_word' id='word_1_129' title='bbox 293 1464 518 1510; x_wconf 87' lang='lat' dir='ltr'>nigraque</span> <span class='ocrx_word' id='word_1_130' title='bbox 543 1466 717 1509; x_wconf 82' lang='lat' dir='ltr'>myrtus</span> <span class='ocrx_word' id='word_1_131' title='bbox 743 1464 847 1499; x_wconf 86' lang='lat' dir='ltr'>olent</span> <span class='ocrx_word' id='word_1_132' title='bbox 865 1465 877 1509; x_wconf 75' lang='lat' dir='ltr'>n</span> <span class='ocrx_word' id='word_1_133' title='bbox 895 1462 1266 1507; x_wconf 79' lang='lat' dir='ltr'>Pseudophiloxenus</span> <span class='ocrx_word' id='word_1_134' title='bbox 1294 1465 1374 1506; x_wconf 86' lang='lat'>164,</span> <span class='ocrx_word' id='word_1_135' title='bbox 1394 1464 1458 1497; x_wconf 82' lang='lat'>49:</span> <span class='ocrx_word' id='word_1_136' title='bbox 1483 1461 1607 1507; x_wconf 77' lang='lat' dir='ltr'>pulla:</span> <span class='ocrx_word' id='word_1_137' title='bbox 1632 1461 1743 1508; x_wconf 81' lang='lat' dir='ltr'>nigra</span> 
     </span>
    </p>
   </div>
   <div class='ocr_carea' id='block_1_7' title="bbox 295 1518 1868 1892">
    <p class='ocr_par' dir='ltr' id='par_1_12' title="bbox 295 1518 1868 1892">
     <span class='ocr_line' id='line_1_20' title="bbox 413 1518 1866 1568; baseline -0.001 -10"><span class='ocrx_word' id='word_1_138' title='bbox 413 1524 430 1558; x_wconf 91' lang='lat' dir='ltr'>I</span> <span class='ocrx_word' id='word_1_139' title='bbox 455 1527 512 1559; x_wconf 79' lang='lat'>26.</span> <span class='ocrx_word' id='word_1_140' title='bbox 564 1523 585 1558; x_wconf 89' lang='lat'>1</span> <span class='ocrx_word' id='word_1_141' title='bbox 602 1535 655 1568; x_wconf 81' lang='lat' dir='ltr'>sq.</span> <span class='ocrx_word' id='word_1_142' title='bbox 696 1524 738 1559; x_wconf 89' lang='lat' dir='ltr'>S:</span> <span class='ocrx_word' id='word_1_143' title='bbox 778 1522 916 1567; x_wconf 84' lang='lat' dir='ltr'>Sapph.</span> <span class='ocrx_word' id='word_1_144' title='bbox 945 1521 987 1556; x_wconf 86' lang='lat' dir='ltr'>fr.</span> <span class='ocrx_word' id='word_1_145' title='bbox 1010 1525 1072 1558; x_wconf 84' lang='lat'>17:</span> <span class='ocrx_word' id='word_1_146' title='bbox 1110 1522 1176 1556; x_wconf 84' lang='grc' dir='ltr'>τὸν</span> <span class='ocrx_word' id='word_1_147' title='bbox 1201 1523 1265 1566; x_wconf 82' lang='lat' dir='ltr'>(sc.</span> <span class='ocrx_word' id='word_1_148' title='bbox 1293 1521 1517 1567; x_wconf 79' lang='grc' dir='ltr'>στάλαγμον)</span> <span class='ocrx_word' id='word_1_149' title='bbox 1543 1519 1580 1556; x_wconf 82' lang='grc' dir='ltr'>δ’</span> <span class='ocrx_word' id='word_1_150' title='bbox 1604 1518 1866 1564; x_wconf 78' lang='grc' dir='ltr'><strong><em>ἐπιπλάζοντες</em></strong></span> 
     </span>
     <span class='ocr_line' id='line_1_21' title="bbox 297 1568 1867 1627; baseline -0.001 -21"><span class='ocrx_word' id='word_1_151' title='bbox 297 1571 387 1618; x_wconf 78' lang='grc' dir='ltr'><strong><em>ἄμοι</em></strong></span> <span class='ocrx_word' id='word_1_152' title='bbox 412 1573 471 1617; x_wconf 93' lang='lat'>(=</span> <span class='ocrx_word' id='word_1_153' title='bbox 498 1571 675 1617; x_wconf 82' lang='grc' dir='ltr'><strong><em>ἄνεμοι)</em></strong></span> <span class='ocrx_word' id='word_1_154' title='bbox 702 1569 891 1616; x_wconf 81' lang='grc' dir='ltr'><strong><em>φέροιεν</em></strong></span> <span class='ocrx_word' id='word_1_155' title='bbox 918 1568 982 1604; x_wconf 80' lang='grc' dir='ltr'>καὶ</span> <span class='ocrx_word' id='word_1_156' title='bbox 1008 1569 1234 1614; x_wconf 79' lang='grc' dir='ltr'><strong><em>μελεδώναις</em></strong></span> <span class='ocrx_word' id='word_1_157' title='bbox 1261 1570 1272 1614; x_wconf 85' lang='grc' dir='ltr'>ΙΙ</span> <span class='ocrx_word' id='word_1_158' title='bbox 1300 1568 1598 1604; x_wconf 80' lang='lat' dir='ltr'>Anacreonteum</span> <span class='ocrx_word' id='word_1_159' title='bbox 1624 1572 1681 1616; x_wconf 73' lang='lat'>56,</span> <span class='ocrx_word' id='word_1_160' title='bbox 1701 1572 1790 1627; x_wconf 48' lang='lat'>9⁸2.</span> <span class='ocrx_word' id='word_1_161' title='bbox 1805 1569 1867 1605; x_wconf 94' lang='lat' dir='ltr'>B</span> 
     </span>
     <span class='ocr_line' id='line_1_22' title="bbox 295 1612 1866 1665; baseline -0.002 -11"><span class='ocrx_word' id='word_1_162' title='bbox 295 1616 393 1665; x_wconf 79' lang='grc' dir='ltr'><strong><em>ἐμῶν</em></strong></span> <span class='ocrx_word' id='word_1_163' title='bbox 414 1624 564 1664; x_wconf 83' lang='grc' dir='ltr'><strong><em>φρενῶν</em></strong></span> <span class='ocrx_word' id='word_1_164' title='bbox 583 1618 651 1664; x_wconf 77' lang='grc' dir='ltr'>μὲν</span> <span class='ocrx_word' id='word_1_165' title='bbox 678 1618 836 1665; x_wconf 73' lang='grc' dir='ltr'><em>αὔραις</em></span> <span class='ocrx_word' id='word_1_166' title='bbox 861 1615 1021 1662; x_wconf 78' lang='grc' dir='ltr'><strong><em>φέρειν</em></strong></span> <span class='ocrx_word' id='word_1_167' title='bbox 1048 1615 1194 1651; x_wconf 77' lang='grc' dir='ltr'><em>ἔδωκα</em></span> <span class='ocrx_word' id='word_1_168' title='bbox 1220 1617 1363 1657; x_wconf 79' lang='grc' dir='ltr'><em>λύπας</em></span> <span class='ocrx_word' id='word_1_169' title='bbox 1387 1618 1399 1662; x_wconf 81' lang='grc' dir='ltr'>ΙΙ</span> <span class='ocrx_word' id='word_1_170' title='bbox 1423 1620 1481 1661; x_wconf 84' lang='lat'>48,</span> <span class='ocrx_word' id='word_1_171' title='bbox 1501 1621 1618 1661; x_wconf 86' lang='lat' dir='ltr'>4sqq.</span> <span class='ocrx_word' id='word_1_172' title='bbox 1637 1617 1691 1652; x_wconf 87' lang='lat' dir='ltr'>B.:</span> <span class='ocrx_word' id='word_1_173' title='bbox 1718 1614 1760 1652; x_wconf 76' lang='grc' dir='ltr'>ὅτ</span> <span class='ocrx_word' id='word_1_174' title='bbox 1796 1612 1866 1662; x_wconf 69' lang='grc' dir='ltr'>ἐγὼ</span> 
     </span>
     <span class='ocr_line' id='line_1_23' title="bbox 295 1660 1868 1712; baseline -0.001 -11"><span class='ocrx_word' id='word_1_175' title='bbox 295 1668 368 1701; x_wconf 87' lang='grc' dir='ltr'>πίω</span> <span class='ocrx_word' id='word_1_176' title='bbox 394 1668 459 1702; x_wconf 85' lang='grc' dir='ltr'>τὸν</span> <span class='ocrx_word' id='word_1_177' title='bbox 486 1664 602 1710; x_wconf 82' lang='grc' dir='ltr'><strong><em>οἶνον,</em></strong></span> <span class='ocrx_word' id='word_1_178' title='bbox 635 1666 1003 1711; x_wconf 82' lang='grc' dir='ltr'><em>ἀπορρίπτονται</em></span> <span class='ocrx_word' id='word_1_179' title='bbox 1034 1663 1251 1710; x_wconf 80' lang='grc' dir='ltr'>μέριμναι</span> <span class='ocrx_word' id='word_1_180' title='bbox 1282 1662 1578 1710; x_wconf 79' lang='grc' dir='ltr'><strong><em>πολυφρόντιδές</em></strong></span> <span class='ocrx_word' id='word_1_181' title='bbox 1602 1676 1641 1699; x_wconf 85' lang='grc' dir='ltr'>τε</span> <span class='ocrx_word' id='word_1_182' title='bbox 1667 1663 1799 1712; x_wconf 78' lang='grc' dir='ltr'><em>βουλαὶ</em></span> <span class='ocrx_word' id='word_1_183' title='bbox 1825 1660 1868 1705; x_wconf 73' lang='grc' dir='ltr'>ἐς</span> 
     </span>
     <span class='ocr_line' id='line_1_24' title="bbox 298 1710 1867 1759; baseline -0.002 -10"><span class='ocrx_word' id='word_1_184' title='bbox 298 1714 580 1754; x_wconf 80' lang='grc' dir='ltr'><strong><em>ἁλικτύπους</em></strong></span> <span class='ocrx_word' id='word_1_185' title='bbox 600 1712 741 1757; x_wconf 81' lang='grc' dir='ltr'><em>ἀήτας</em></span> <span class='ocrx_word' id='word_1_186' title='bbox 759 1715 771 1759; x_wconf 78' lang='grc' dir='ltr'>ΙΙ</span> <span class='ocrx_word' id='word_1_187' title='bbox 792 1712 859 1748; x_wconf 93' lang='lat' dir='ltr'>Ou.</span> <span class='ocrx_word' id='word_1_188' title='bbox 881 1723 951 1747; x_wconf 87' lang='lat' dir='ltr'>am.</span> <span class='ocrx_word' id='word_1_189' title='bbox 973 1712 989 1746; x_wconf 88' lang='lat' dir='ltr'>I</span> <span class='ocrx_word' id='word_1_190' title='bbox 1015 1716 1048 1756; x_wconf 91' lang='lat'>4,</span> <span class='ocrx_word' id='word_1_191' title='bbox 1071 1715 1112 1745; x_wconf 89' lang='lat'>11</span> <span class='ocrx_word' id='word_1_192' title='bbox 1130 1723 1201 1755; x_wconf 84' lang='lat' dir='ltr'>sq.:</span> <span class='ocrx_word' id='word_1_193' title='bbox 1227 1722 1296 1746; x_wconf 87' lang='lat' dir='ltr'>nec</span> <span class='ocrx_word' id='word_1_194' title='bbox 1321 1711 1430 1746; x_wconf 84' lang='lat' dir='ltr'>Euris</span> <span class='ocrx_word' id='word_1_195' title='bbox 1457 1711 1506 1746; x_wconf 86' lang='lat' dir='ltr'>da</span> <span class='ocrx_word' id='word_1_196' title='bbox 1531 1721 1616 1747; x_wconf 84' lang='lat' dir='ltr'>mea</span> <span class='ocrx_word' id='word_1_197' title='bbox 1639 1721 1708 1746; x_wconf 87' lang='lat' dir='ltr'>nee</span> <span class='ocrx_word' id='word_1_198' title='bbox 1727 1710 1867 1756; x_wconf 80' lang='lat' dir='ltr'>tepidis</span> 
     </span>
     <span class='ocr_line' id='line_1_25' title="bbox 299 1758 1819 1804; baseline -0.003 -8"><span class='ocrx_word' id='word_1_199' title='bbox 299 1762 414 1796; x_wconf 84' lang='lat' dir='ltr'>uerba</span> <span class='ocrx_word' id='word_1_200' title='bbox 440 1761 596 1796; x_wconf 85' lang='lat' dir='ltr'>ferenda</span> <span class='ocrx_word' id='word_1_201' title='bbox 619 1760 729 1796; x_wconf 80' lang='lat' dir='ltr'>Notis</span> <span class='ocrx_word' id='word_1_202' title='bbox 837 1760 858 1795; x_wconf 97' lang='lat'>1</span> <span class='ocrx_word' id='word_1_203' title='bbox 886 1761 928 1795; x_wconf 87' lang='lat' dir='ltr'>T:</span> <span class='ocrx_word' id='word_1_204' title='bbox 956 1760 1058 1795; x_wconf 81' lang='lat' dir='ltr'>Sem.</span> <span class='ocrx_word' id='word_1_205' title='bbox 1074 1759 1119 1793; x_wconf 88' lang='lat' dir='ltr'>de</span> <span class='ocrx_word' id='word_1_206' title='bbox 1141 1771 1186 1794; x_wconf 90' lang='lat' dir='ltr'>m.</span> <span class='ocrx_word' id='word_1_207' title='bbox 1202 1758 1289 1794; x_wconf 90' lang='lat' dir='ltr'>Hor.</span> <span class='ocrx_word' id='word_1_208' title='bbox 1303 1759 1374 1793; x_wconf 91' lang='lat' dir='ltr'>IIII</span> <span class='ocrx_word' id='word_1_209' title='bbox 1393 1771 1428 1804; x_wconf 90' lang='lat' dir='ltr'>p.</span> <span class='ocrx_word' id='word_1_210' title='bbox 1445 1762 1516 1793; x_wconf 85' lang='lat'>470</span> <span class='ocrx_word' id='word_1_211' title='bbox 1564 1758 1684 1794; x_wconf 90' lang='lat' dir='ltr'>Diom.</span> <span class='ocrx_word' id='word_1_212' title='bbox 1698 1770 1734 1804; x_wconf 90' lang='lat' dir='ltr'>p.</span> <span class='ocrx_word' id='word_1_213' title='bbox 1749 1762 1819 1793; x_wconf 80' lang='lat'>522</span> 
     </span>
     <span class='ocr_line' id='line_1_26' title="bbox 297 1804 1867 1854; baseline -0.003 -10"><span class='ocrx_word' id='word_1_214' title='bbox 297 1809 342 1845; x_wconf 86' lang='lat' dir='ltr'>S:</span> <span class='ocrx_word' id='word_1_215' title='bbox 370 1809 524 1844; x_wconf 84' lang='lat' dir='ltr'>Theoer.</span> <span class='ocrx_word' id='word_1_216' title='bbox 550 1812 581 1854; x_wconf 86' lang='lat'>7,</span> <span class='ocrx_word' id='word_1_217' title='bbox 603 1812 665 1844; x_wconf 82' lang='lat'>95:</span> <span class='ocrx_word' id='word_1_218' title='bbox 692 1809 800 1854; x_wconf 84' lang='grc' dir='ltr'><em>φίλος</em></span> <span class='ocrx_word' id='word_1_219' title='bbox 826 1807 934 1842; x_wconf 79' lang='grc' dir='ltr'><strong><em>ἔπλεο</em></strong></span> <span class='ocrx_word' id='word_1_220' title='bbox 959 1807 1124 1846; x_wconf 85' lang='grc' dir='ltr'><em>Μοίσαις</em></span> <span class='ocrx_word' id='word_1_221' title='bbox 1152 1808 1163 1851; x_wconf 86' lang='grc' dir='ltr'>ΙΙ</span> <span class='ocrx_word' id='word_1_222' title='bbox 1190 1805 1301 1850; x_wconf 87' lang='lat' dir='ltr'>Verg.</span> <span class='ocrx_word' id='word_1_223' title='bbox 1321 1805 1413 1842; x_wconf 91' lang='lat' dir='ltr'>Aen.</span> <span class='ocrx_word' id='word_1_224' title='bbox 1434 1805 1537 1841; x_wconf 89' lang='lat' dir='ltr'>VHII</span> <span class='ocrx_word' id='word_1_225' title='bbox 1564 1808 1648 1841; x_wconf 85' lang='lat'>774:</span> <span class='ocrx_word' id='word_1_226' title='bbox 1675 1804 1867 1841; x_wconf 78' lang='lat' dir='ltr'>amicum</span> 
     </span>
     <span class='ocr_line' id='line_1_27' title="bbox 297 1855 625 1892; baseline -0.006 0"><span class='ocrx_word' id='word_1_227' title='bbox 297 1856 457 1892; x_wconf 84' lang='lat' dir='ltr'>Crethea</span> <span class='ocrx_word' id='word_1_228' title='bbox 481 1855 625 1892; x_wconf 80' lang='lat' dir='ltr'>Musis</span> 
     </span>
    </p>
   </div>
   <div class='ocr_carea' id='block_1_8' title="bbox 427 1135 582 1139">
    <p class='ocr_par' dir='ltr' id='par_1_13' title="bbox 427 1135 582 1139">
     <span class='ocr_line' id='line_1_28' title="bbox 427 1135 582 1139; baseline 0 0"><span class='ocrx_word' id='word_1_229' title='bbox 427 1135 582 1139; x_wconf 95' lang='lat' dir='ltr'> </span> 
     </span>
    </p>
   </div>
   <div class='ocr_carea' id='block_1_9' title="bbox 300 1931 585 1935">
    <p class='ocr_par' dir='ltr' id='par_1_14' title="bbox 300 1931 585 1935">
     <span class='ocr_line' id='line_1_29' title="bbox 300 1931 585 1935; baseline 0 0"><span class='ocrx_word' id='word_1_230' title='bbox 300 1931 585 1935; x_wconf 95' lang='lat' dir='ltr'> </span> 
     </span>
    </p>
   </div>
   <div class='ocr_carea' id='block_1_10' title="bbox 297 1970 1868 2161">
    <p class='ocr_par' dir='ltr' id='par_1_15' title="bbox 297 1970 1868 2161">
     <span class='ocr_line' id='line_1_30' title="bbox 393 1970 1867 2034; baseline -0.002 -24"><span class='ocrx_word' id='word_1_231' title='bbox 393 1977 427 2009; x_wconf 76' lang='grc' dir='ltr'>Ω</span> <span class='ocrx_word' id='word_1_232' title='bbox 449 1993 491 2004; x_wconf 93' lang='lat'><strong><em>=</em></strong></span> <span class='ocrx_word' id='word_1_233' title='bbox 512 1974 772 2034; x_wconf 49' lang='lat' dir='ltr'>ABODFQp</span> <span class='ocrx_word' id='word_1_234' title='bbox 781 1971 1156 2019; x_wconf 75' lang='grc' dir='ltr'>ψ)Βγὸλ’(λῑ&gt;παα]</span> <span class='ocrx_word' id='word_1_235' title='bbox 1255 1970 1304 2006; x_wconf 83' lang='lat'>13</span> <span class='ocrx_word' id='word_1_236' title='bbox 1338 1970 1509 2016; x_wconf 78' lang='lat' dir='ltr'>fraglans</span> <span class='ocrx_word' id='word_1_237' title='bbox 1534 1984 1562 2006; x_wconf 85' lang='grc' dir='ltr'><strong><em>π</em></strong></span> <span class='ocrx_word' id='word_1_238' title='bbox 1641 1970 1777 2019; x_wconf 86' lang='lat' dir='ltr'>libido]</span> <span class='ocrx_word' id='word_1_239' title='bbox 1804 1982 1867 2007; x_wconf 80' lang='lat' dir='ltr'>cu-</span> 
     </span>
     <span class='ocr_line' id='line_1_31' title="bbox 297 2028 1868 2109; baseline -0.002 -10"><span class='ocrx_word' id='word_1_240' title='bbox 297 2063 386 2109; x_wconf 84' lang='lat' dir='ltr'>pido</span> <span class='ocrx_word' id='word_1_241' title='bbox 400 2075 426 2099; x_wconf 69' lang='lat' dir='ltr'>u</span> <span class='ocrx_word' id='word_1_242' title='bbox 453 2028 640 2107; x_wconf 49' lang='lat' dir='ltr'>{13¹3ss</span> <span class='ocrx_word' id='word_1_243' title='bbox 724 2060 772 2097; x_wconf 83' lang='lat'>14</span> <span class='ocrx_word' id='word_1_244' title='bbox 792 2062 962 2107; x_wconf 40' lang='lat' dir='ltr'>matres&amp;</span> <span class='ocrx_word' id='word_1_245' title='bbox 974 2062 1015 2107; x_wconf 76' lang='grc' dir='ltr'><strong><em>Β</em></strong></span> <span class='ocrx_word' id='word_1_246' title='bbox 1066 2071 1269 2106; x_wconf 74' lang='lat' dir='ltr'>aequorum</span> <span class='ocrx_word' id='word_1_247' title='bbox 1285 2060 1360 2096; x_wconf 80' lang='lat' dir='ltr'>OF</span> <span class='ocrx_word' id='word_1_248' title='bbox 1432 2060 1480 2096; x_wconf 83' lang='lat'>15</span> <span class='ocrx_word' id='word_1_249' title='bbox 1502 2060 1631 2096; x_wconf 62' lang='lat' dir='ltr'>Seuiess</span> <span class='ocrx_word' id='word_1_250' title='bbox 1642 2061 1679 2096; x_wconf 84' lang='lat' dir='ltr'><em>B</em></span> <span class='ocrx_word' id='word_1_251' title='bbox 1690 2060 1763 2096; x_wconf 80' lang='lat' dir='ltr'>OD</span> <span class='ocrx_word' id='word_1_252' title='bbox 1771 2060 1868 2096; x_wconf 68' lang='lat' dir='ltr'>Fau</span> 
     </span>
     <span class='ocr_line' id='line_1_32' title="bbox 346 2114 1866 2161; baseline -0.001 -10"><span class='ocrx_word' id='word_1_253' title='bbox 346 2116 555 2151; x_wconf 85' lang='lat' dir='ltr'>uieerosum</span> <span class='ocrx_word' id='word_1_254' title='bbox 575 2116 612 2150; x_wconf 89' lang='lat' dir='ltr'><em>B</em></span> <span class='ocrx_word' id='word_1_255' title='bbox 694 2115 743 2150; x_wconf 77' lang='lat'>16</span> <span class='ocrx_word' id='word_1_256' title='bbox 770 2117 931 2160; x_wconf 86' lang='lat' dir='ltr'>quaestu</span> <span class='ocrx_word' id='word_1_257' title='bbox 950 2116 1018 2151; x_wconf 84' lang='lat' dir='ltr'>Aa</span> <span class='ocrx_word' id='word_1_258' title='bbox 1091 2115 1137 2150; x_wconf 92' lang='grc'>17</span> <span class='ocrx_word' id='word_1_259' title='bbox 1166 2115 1259 2149; x_wconf 91' lang='lat' dir='ltr'>Leta</span> <span class='ocrx_word' id='word_1_260' title='bbox 1278 2127 1299 2159; x_wconf 82' lang='grc' dir='ltr'><em>γ</em></span> <span class='ocrx_word' id='word_1_261' title='bbox 1365 2114 1419 2158; x_wconf 67' lang='lat' dir='ltr'>qd</span> <span class='ocrx_word' id='word_1_262' title='bbox 1434 2126 1463 2148; x_wconf 81' lang='grc' dir='ltr'>π</span> <span class='ocrx_word' id='word_1_263' title='bbox 1522 2125 1641 2161; x_wconf 83' lang='lat' dir='ltr'>pupes</span> <span class='ocrx_word' id='word_1_264' title='bbox 1661 2115 1685 2149; x_wconf 80' lang='grc' dir='ltr'><em>ὃ</em></span> <span class='ocrx_word' id='word_1_265' title='bbox 1697 2119 1782 2151; x_wconf 82' lang='lat' dir='ltr'>ante</span> <span class='ocrx_word' id='word_1_266' title='bbox 1793 2125 1866 2151; x_wconf 77' lang='lat' dir='ltr'>ras.</span> 
     </span>
    </p>
   </div>
   <div class='ocr_carea' id='block_1_11' title="bbox 297 2169 1871 2710">
    <p class='ocr_par' dir='ltr' id='par_1_16' title="bbox 297 2169 1871 2710">
     <span class='ocr_line' id='line_1_33' title="bbox 297 2169 1868 2239; baseline -0.002 -11"><span class='ocrx_word' id='word_1_267' title='bbox 297 2194 415 2239; x_wconf 78' lang='lat' dir='ltr'>bupes</span> <span class='ocrx_word' id='word_1_268' title='bbox 442 2194 465 2228; x_wconf 84' lang='grc' dir='ltr'><em>ὃ</em></span> <span class='ocrx_word' id='word_1_269' title='bbox 473 2204 512 2238; x_wconf 77' lang='lat' dir='ltr'>p.</span> <span class='ocrx_word' id='word_1_270' title='bbox 527 2204 599 2228; x_wconf 83' lang='lat' dir='ltr'>ras.</span> <span class='ocrx_word' id='word_1_271' title='bbox 672 2193 785 2228; x_wconf 84' lang='lat' dir='ltr'>edera</span> <span class='ocrx_word' id='word_1_272' title='bbox 811 2192 1035 2237; x_wconf 67' lang='lat' dir='ltr'>AOFRya</span> <span class='ocrx_word' id='word_1_273' title='bbox 1071 2169 1206 2226; x_wconf 79' lang='lat' dir='ltr'>hedera</span> <span class='ocrx_word' id='word_1_274' title='bbox 1236 2203 1264 2225; x_wconf 86' lang='grc' dir='ltr'><em>π</em></span> <span class='ocrx_word' id='word_1_275' title='bbox 1301 2190 1442 2226; x_wconf 85' lang='lat' dir='ltr'>hedera</span> <span class='ocrx_word' id='word_1_276' title='bbox 1466 2195 1544 2228; x_wconf 77' lang='lat' dir='ltr'>cett.</span> <span class='ocrx_word' id='word_1_277' title='bbox 1619 2190 1757 2227; x_wconf 86' lang='lat' dir='ltr'>uirenti</span> <span class='ocrx_word' id='word_1_278' title='bbox 1787 2191 1868 2226; x_wconf 86' lang='lat' dir='ltr'>AB</span> 
     </span>
     <span class='ocr_line' id='line_1_34' title="bbox 300 2243 1822 2291; baseline -0.003 -8"><span class='ocrx_word' id='word_1_279' title='bbox 300 2246 512 2291; x_wconf 63' lang='lat' dir='ltr'>G&#39;DRyz&#39;a</span> <span class='ocrx_word' id='word_1_280' title='bbox 525 2246 592 2282; x_wconf 85' lang='lat' dir='ltr'>Ac.</span> <span class='ocrx_word' id='word_1_281' title='bbox 607 2247 701 2291; x_wconf 72' lang='lat' dir='ltr'><em>Pph.</em></span> <span class='ocrx_word' id='word_1_282' title='bbox 717 2246 850 2281; x_wconf 78' lang='lat' dir='ltr'><em>Victor.</em></span> <span class='ocrx_word' id='word_1_283' title='bbox 884 2245 1029 2280; x_wconf 88' lang='lat' dir='ltr'>uirente</span> <span class='ocrx_word' id='word_1_284' title='bbox 1044 2245 1181 2280; x_wconf 68' lang='lat' dir='ltr'>Fdnu</span> <span class='ocrx_word' id='word_1_285' title='bbox 1279 2243 1327 2279; x_wconf 88' lang='grc'>18</span> <span class='ocrx_word' id='word_1_286' title='bbox 1353 2243 1482 2289; x_wconf 81' lang='lat' dir='ltr'>puella</span> <span class='ocrx_word' id='word_1_287' title='bbox 1495 2245 1534 2279; x_wconf 91' lang='lat' dir='ltr'><em>D</em></span> <span class='ocrx_word' id='word_1_288' title='bbox 1583 2243 1762 2289; x_wconf 88' lang='lat' dir='ltr'>atqmirto</span> <span class='ocrx_word' id='word_1_289' title='bbox 1781 2244 1822 2279; x_wconf 90' lang='lat' dir='ltr'><em>D</em></span> 
     </span>
     <span class='ocr_line' id='line_1_35' title="bbox 298 2295 1869 2344; baseline -0.002 -9"><span class='ocrx_word' id='word_1_290' title='bbox 298 2300 410 2335; x_wconf 68' lang='lat' dir='ltr'>mixto</span> <span class='ocrx_word' id='word_1_291' title='bbox 431 2301 583 2344; x_wconf 73' lang='grc' dir='ltr'><em>δλψαα</em></span> <span class='ocrx_word' id='word_1_292' title='bbox 680 2299 730 2335; x_wconf 81' lang='grc'>19</span> <span class='ocrx_word' id='word_1_293' title='bbox 756 2298 873 2333; x_wconf 88' lang='lat' dir='ltr'>Arida</span> <span class='ocrx_word' id='word_1_294' title='bbox 892 2299 946 2334; x_wconf 62' lang='lat'>121</span> <span class='ocrx_word' id='word_1_295' title='bbox 1010 2298 1150 2333; x_wconf 82' lang='lat' dir='ltr'>sodalis</span> <span class='ocrx_word' id='word_1_296' title='bbox 1170 2299 1207 2333; x_wconf 93' lang='lat' dir='ltr'><strong><em>B</em></strong></span> <span class='ocrx_word' id='word_1_297' title='bbox 1303 2296 1355 2333; x_wconf 79' lang='lat'>20</span> <span class='ocrx_word' id='word_1_298' title='bbox 1378 2297 1545 2333; x_wconf 87' lang='lat' dir='ltr'>Dedecet</span> <span class='ocrx_word' id='word_1_299' title='bbox 1569 2298 1606 2333; x_wconf 94' lang='grc' dir='ltr'><strong><em>Β</em></strong></span> <span class='ocrx_word' id='word_1_300' title='bbox 1678 2295 1812 2343; x_wconf 87' lang='lat' dir='ltr'>hebro,</span> <span class='ocrx_word' id='word_1_301' title='bbox 1842 2297 1869 2332; x_wconf 90' lang='lat' dir='ltr'><strong>h</strong></span> 
     </span>
     <span class='ocr_line' id='line_1_36' title="bbox 298 2350 1870 2398; baseline -0.003 -8"><span class='ocrx_word' id='word_1_302' title='bbox 298 2356 340 2390; x_wconf 79' lang='lat' dir='ltr'>in</span> <span class='ocrx_word' id='word_1_303' title='bbox 350 2354 470 2398; x_wconf 69' lang='lat' dir='ltr'>ras.,6</span> <span class='ocrx_word' id='word_1_304' title='bbox 495 2352 611 2388; x_wconf 83' lang='lat' dir='ltr'>hebro</span> <span class='ocrx_word' id='word_1_305' title='bbox 625 2357 703 2388; x_wconf 77' lang='lat' dir='ltr'>cett.</span> <span class='ocrx_word' id='word_1_306' title='bbox 713 2353 909 2388; x_wconf 79' lang='lat' dir='ltr'>Pseudacr.</span> <span class='ocrx_word' id='word_1_307' title='bbox 926 2353 1060 2398; x_wconf 77' lang='lat' dir='ltr'><em>Porph.</em></span> <span class='ocrx_word' id='word_1_308' title='bbox 1075 2353 1212 2388; x_wconf 50' lang='lat' dir='ltr'>schola</span> <span class='ocrx_word' id='word_1_309' title='bbox 1226 2365 1255 2397; x_wconf 85' lang='grc' dir='ltr'><strong><em>φ</em></strong></span> <span class='ocrx_word' id='word_1_310' title='bbox 1292 2350 1391 2385; x_wconf 87' lang='lat' dir='ltr'>Euro</span> <span class='ocrx_word' id='word_1_311' title='bbox 1417 2352 1528 2387; x_wconf 81' lang='lat' dir='ltr'>editio</span> <span class='ocrx_word' id='word_1_312' title='bbox 1545 2350 1870 2397; x_wconf 64' lang='lat' dir='ltr'>Aryentm.&#39;1516;</span> 
     </span>
     <span class='ocr_line' id='line_1_37' title="bbox 299 2404 1869 2452; baseline -0.002 -10"><span class='ocrx_word' id='word_1_313' title='bbox 299 2407 466 2442; x_wconf 89' lang='lat' dir='ltr'>Hebrum</span> <span class='ocrx_word' id='word_1_314' title='bbox 496 2408 591 2450; x_wconf 80' lang='lat' dir='ltr'>falso</span> <span class='ocrx_word' id='word_1_315' title='bbox 616 2418 687 2452; x_wconf 76' lang='lat' dir='ltr'>pro</span> <span class='ocrx_word' id='word_1_316' title='bbox 720 2406 819 2441; x_wconf 88' lang='lat' dir='ltr'>Euro</span> <span class='ocrx_word' id='word_1_317' title='bbox 846 2407 1009 2451; x_wconf 74' lang='lat' dir='ltr'>positum</span> <span class='ocrx_word' id='word_1_318' title='bbox 1039 2406 1206 2441; x_wconf 81' lang='lat' dir='ltr'>uidemus</span> <span class='ocrx_word' id='word_1_319' title='bbox 1233 2405 1342 2440; x_wconf 79' lang='lat' dir='ltr'>etiam</span> <span class='ocrx_word' id='word_1_320' title='bbox 1366 2405 1409 2439; x_wconf 82' lang='lat' dir='ltr'>in</span> <span class='ocrx_word' id='word_1_321' title='bbox 1433 2405 1626 2450; x_wconf 76' lang='lat' dir='ltr'>archetypo</span> <span class='ocrx_word' id='word_1_322' title='bbox 1657 2404 1869 2451; x_wconf 61' lang='lat' dir='ltr'>Vergiliano</span> 
     </span>
     <span class='ocr_line' id='line_1_38' title="bbox 299 2457 1870 2505; baseline -0.003 -8"><span class='ocrx_word' id='word_1_323' title='bbox 299 2462 390 2497; x_wconf 84' lang='lat' dir='ltr'>Aen.</span> <span class='ocrx_word' id='word_1_324' title='bbox 411 2460 428 2494; x_wconf 94' lang='lat' dir='ltr'>I</span> <span class='ocrx_word' id='word_1_325' title='bbox 459 2463 527 2494; x_wconf 87' lang='lat'>317</span> <span class='ocrx_word' id='word_1_326' title='bbox 534 2475 548 2504; x_wconf 84' lang='lat'>,·</span> <span class='ocrx_word' id='word_1_327' title='bbox 584 2461 629 2504; x_wconf 82' lang='lat' dir='ltr'>cf.</span> <span class='ocrx_word' id='word_1_328' title='bbox 668 2461 778 2496; x_wconf 79' lang='lat' dir='ltr'>etiam</span> <span class='ocrx_word' id='word_1_329' title='bbox 815 2459 919 2505; x_wconf 74' lang='lat' dir='ltr'><strong><em>Very.</em></strong></span> <span class='ocrx_word' id='word_1_330' title='bbox 951 2470 1002 2505; x_wconf 69' lang='lat' dir='ltr'>qe.</span> <span class='ocrx_word' id='word_1_331' title='bbox 1028 2458 1063 2492; x_wconf 92' lang='lat' dir='ltr'>II</span> <span class='ocrx_word' id='word_1_332' title='bbox 1091 2461 1178 2492; x_wconf 86' lang='lat'><strong>339:</strong></span> <span class='ocrx_word' id='word_1_333' title='bbox 1219 2458 1444 2493; x_wconf 79' lang='lat' dir='ltr'>‘hibernis</span> <span class='ocrx_word' id='word_1_334' title='bbox 1475 2458 1678 2502; x_wconf 75' lang='lat' dir='ltr'>parcebant</span> <span class='ocrx_word' id='word_1_335' title='bbox 1719 2457 1870 2502; x_wconf 73' lang='lat' dir='ltr'>flatibus</span> 
     </span>
     <span class='ocr_line' id='line_1_39' title="bbox 301 2510 1870 2557; baseline -0.003 -7"><span class='ocrx_word' id='word_1_336' title='bbox 301 2514 437 2550; x_wconf 77' lang='lat' dir='ltr'>Euri&#39;</span> <span class='ocrx_word' id='word_1_337' title='bbox 466 2517 499 2549; x_wconf 79' lang='lat' dir='ltr'>et</span> <span class='ocrx_word' id='word_1_338' title='bbox 524 2513 617 2549; x_wconf 83' lang='lat' dir='ltr'><em>Hor.</em></span> <span class='ocrx_word' id='word_1_339' title='bbox 639 2524 667 2549; x_wconf 86' lang='lat' dir='ltr'>c.</span> <span class='ocrx_word' id='word_1_340' title='bbox 688 2512 758 2547; x_wconf 91' lang='lat' dir='ltr'>IIII</span> <span class='ocrx_word' id='word_1_341' title='bbox 785 2516 841 2556; x_wconf 79' lang='lat'>12,</span> <span class='ocrx_word' id='word_1_342' title='bbox 863 2516 881 2546; x_wconf 89' lang='lat'>1</span> <span class='ocrx_word' id='word_1_343' title='bbox 896 2523 988 2557; x_wconf 64' lang='lat' dir='ltr'><strong><em>sqq„-</em></strong></span> <span class='ocrx_word' id='word_1_344' title='bbox 1028 2512 1119 2546; x_wconf 77' lang='lat' dir='ltr'>‘iam</span> <span class='ocrx_word' id='word_1_345' title='bbox 1149 2512 1248 2546; x_wconf 83' lang='lat' dir='ltr'>ueris</span> <span class='ocrx_word' id='word_1_346' title='bbox 1276 2511 1419 2545; x_wconf 80' lang='lat' dir='ltr'>comites</span> <span class='ocrx_word' id='word_1_347' title='bbox 1444 2522 1472 2545; x_wconf 83' lang='lat' dir='ltr'>e.</span> <span class='ocrx_word' id='word_1_348' title='bbox 1492 2521 1524 2555; x_wconf 78' lang='lat' dir='ltr'>q.</span> <span class='ocrx_word' id='word_1_349' title='bbox 1543 2510 1587 2545; x_wconf 85' lang='lat' dir='ltr'>s.’</span> <span class='ocrx_word' id='word_1_350' title='bbox 1615 2514 1770 2545; x_wconf 79' lang='lat' dir='ltr'>ceterum</span> <span class='ocrx_word' id='word_1_351' title='bbox 1792 2510 1870 2545; x_wconf 79' lang='lat' dir='ltr'>iam</span> 
     </span>
     <span class='ocr_line' id='line_1_40' title="bbox 303 2563 1871 2612; baseline -0.003 -9"><span class='ocrx_word' id='word_1_352' title='bbox 303 2567 534 2603; x_wconf 74' lang='lat' dir='ltr'>Claudianus</span> <span class='ocrx_word' id='word_1_353' title='bbox 559 2567 661 2612; x_wconf 77' lang='lat' dir='ltr'>apud</span> <span class='ocrx_word' id='word_1_354' title='bbox 687 2566 889 2601; x_wconf 79' lang='lat' dir='ltr'>Horatium</span> <span class='ocrx_word' id='word_1_355' title='bbox 915 2564 1070 2599; x_wconf 77' lang='lat' dir='ltr'>‘Hebro’</span> <span class='ocrx_word' id='word_1_356' title='bbox 1098 2565 1222 2610; x_wconf 66' lang='lat' dir='ltr'>legisse</span> <span class='ocrx_word' id='word_1_357' title='bbox 1249 2564 1442 2608; x_wconf 79' lang='lat' dir='ltr'>uideatwr;</span> <span class='ocrx_word' id='word_1_358' title='bbox 1471 2575 1558 2598; x_wconf 86' lang='lat' dir='ltr'>nam</span> <span class='ocrx_word' id='word_1_359' title='bbox 1582 2563 1806 2599; x_wconf 81' lang='lat' dir='ltr'>Danwuium</span> <span class='ocrx_word' id='word_1_360' title='bbox 1836 2566 1871 2599; x_wconf 78' lang='lat' dir='ltr'>et</span> 
     </span>
     <span class='ocr_line' id='line_1_41' title="bbox 300 2616 1870 2656; baseline -0.003 0"><span class='ocrx_word' id='word_1_361' title='bbox 300 2621 471 2656; x_wconf 78' lang='lat' dir='ltr'>Rhenum</span> <span class='ocrx_word' id='word_1_362' title='bbox 506 2618 669 2654; x_wconf 79' lang='lat' dir='ltr'>Martis</span> <span class='ocrx_word' id='word_1_363' title='bbox 707 2620 751 2654; x_wconf 86' lang='lat' dir='ltr'>et</span> <span class='ocrx_word' id='word_1_364' title='bbox 787 2619 958 2654; x_wconf 87' lang='lat' dir='ltr'>Boreae</span> <span class='ocrx_word' id='word_1_365' title='bbox 997 2616 1180 2653; x_wconf 82' lang='lat' dir='ltr'>sodales</span> <span class='ocrx_word' id='word_1_366' title='bbox 1218 2621 1326 2653; x_wconf 81' lang='lat' dir='ltr'>uocat</span> <span class='ocrx_word' id='word_1_367' title='bbox 1363 2617 1406 2652; x_wconf 85' lang='lat' dir='ltr'>de</span> <span class='ocrx_word' id='word_1_368' title='bbox 1444 2617 1533 2652; x_wconf 80' lang='lat' dir='ltr'><em>bello</em></span> <span class='ocrx_word' id='word_1_369' title='bbox 1565 2617 1773 2652; x_wconf 77' lang='lat' dir='ltr'>Pollentina</span> <span class='ocrx_word' id='word_1_370' title='bbox 1809 2616 1870 2652; x_wconf 78' lang='lat' dir='ltr'>uel</span> 
     </span>
     <span class='ocr_line' id='line_1_42' title="bbox 305 2674 524 2710; baseline -0.009 -1"><span class='ocrx_word' id='word_1_371' title='bbox 305 2674 429 2710; x_wconf 77' lang='lat' dir='ltr'>Getico</span> <span class='ocrx_word' id='word_1_372' title='bbox 455 2676 524 2708; x_wconf 87' lang='lat'>339</span> 
     </span>
    </p>
   </div>
   <div class='ocr_carea' id='block_1_12' title="bbox 305 2733 1868 2934">
    <p class='ocr_par' dir='ltr' id='par_1_17' title="bbox 305 2733 1868 2890">
     <span class='ocr_line' id='line_1_43' title="bbox 420 2733 1868 2774; baseline -0.003 0"><span class='ocrx_word' id='word_1_373' title='bbox 420 2739 438 2773; x_wconf 92' lang='lat' dir='ltr'>I</span> <span class='ocrx_word' id='word_1_374' title='bbox 464 2742 519 2774; x_wconf 77' lang='grc'>26.</span> <span class='ocrx_word' id='word_1_375' title='bbox 569 2737 635 2773; x_wconf 92' lang='lat' dir='ltr'>AD</span> <span class='ocrx_word' id='word_1_376' title='bbox 660 2737 875 2773; x_wconf 90' lang='lat' dir='ltr'>LAMIAM·</span> <span class='ocrx_word' id='word_1_377' title='bbox 902 2737 940 2773; x_wconf 87' lang='lat' dir='ltr'><em>R</em></span> <span class='ocrx_word' id='word_1_378' title='bbox 988 2736 1054 2772; x_wconf 93' lang='lat' dir='ltr'>AD</span> <span class='ocrx_word' id='word_1_379' title='bbox 1074 2735 1233 2772; x_wconf 84' lang='lat' dir='ltr'>MVSAS</span> <span class='ocrx_word' id='word_1_380' title='bbox 1261 2735 1291 2771; x_wconf 83' lang='lat' dir='ltr'><em>O</em></span> <span class='ocrx_word' id='word_1_381' title='bbox 1334 2734 1401 2769; x_wconf 87' lang='lat' dir='ltr'>AD</span> <span class='ocrx_word' id='word_1_382' title='bbox 1427 2734 1588 2770; x_wconf 86' lang='lat' dir='ltr'>MVSAS</span> <span class='ocrx_word' id='word_1_383' title='bbox 1613 2734 1676 2770; x_wconf 85' lang='lat' dir='ltr'>DE</span> <span class='ocrx_word' id='word_1_384' title='bbox 1697 2733 1868 2770; x_wconf 85' lang='lat' dir='ltr'><strong>CAELIO</strong></span> 
     </span>
     <span class='ocr_line' id='line_1_44' title="bbox 305 2786 1868 2839; baseline -0.004 -12"><span class='ocrx_word' id='word_1_385' title='bbox 305 2791 465 2839; x_wconf 61' lang='lat' dir='ltr'>(JJELIO</span> <span class='ocrx_word' id='word_1_386' title='bbox 493 2804 517 2827; x_wconf 85' lang='lat' dir='ltr'>a</span> <span class='ocrx_word' id='word_1_387' title='bbox 553 2791 691 2827; x_wconf 83' lang='lat' dir='ltr'>CELIO</span> <span class='ocrx_word' id='word_1_388' title='bbox 712 2792 810 2835; x_wconf 88' lang='lat' dir='ltr'>BD)</span> <span class='ocrx_word' id='word_1_389' title='bbox 834 2790 990 2825; x_wconf 91' lang='lat' dir='ltr'>LAMIA</span> <span class='ocrx_word' id='word_1_390' title='bbox 1008 2790 1150 2825; x_wconf 74' lang='lat' dir='ltr'>BDva</span> <span class='ocrx_word' id='word_1_391' title='bbox 1198 2788 1264 2823; x_wconf 89' lang='lat' dir='ltr'>AD</span> <span class='ocrx_word' id='word_1_392' title='bbox 1283 2787 1443 2823; x_wconf 81' lang='lat' dir='ltr'>MVSAS</span> <span class='ocrx_word' id='word_1_393' title='bbox 1464 2788 1527 2822; x_wconf 86' lang='lat' dir='ltr'>DE</span> <span class='ocrx_word' id='word_1_394' title='bbox 1549 2787 1705 2822; x_wconf 92' lang='lat' dir='ltr'>LAMIA</span> <span class='ocrx_word' id='word_1_395' title='bbox 1725 2786 1868 2822; x_wconf 83' lang='lat' dir='ltr'>AELIO</span> 
     </span>
     <span class='ocr_line' id='line_1_45' title="bbox 305 2839 1868 2890; baseline -0.003 -11"><span class='ocrx_word' id='word_1_396' title='bbox 305 2845 454 2890; x_wconf 72' lang='lat' dir='ltr'>(ELioa</span> <span class='ocrx_word' id='word_1_397' title='bbox 472 2848 513 2888; x_wconf 84' lang='grc' dir='ltr'>π)</span> <span class='ocrx_word' id='word_1_398' title='bbox 530 2845 607 2890; x_wconf 88' lang='lat' dir='ltr'>(DE</span> <span class='ocrx_word' id='word_1_399' title='bbox 628 2843 896 2879; x_wconf 89' lang='lat' dir='ltr'>LAMINELIO</span> <span class='ocrx_word' id='word_1_400' title='bbox 910 2845 949 2890; x_wconf 81' lang='lat' dir='ltr'>u)</span> <span class='ocrx_word' id='word_1_401' title='bbox 965 2843 1135 2879; x_wconf 62' lang='lat' dir='ltr'>Fdz&#39;nu</span> <span class='ocrx_word' id='word_1_402' title='bbox 1171 2842 1237 2877; x_wconf 96' lang='lat' dir='ltr'>AD</span> <span class='ocrx_word' id='word_1_403' title='bbox 1252 2841 1411 2877; x_wconf 83' lang='lat' dir='ltr'>MVSAS</span> <span class='ocrx_word' id='word_1_404' title='bbox 1431 2841 1494 2875; x_wconf 87' lang='lat' dir='ltr'>DE</span> <span class='ocrx_word' id='word_1_405' title='bbox 1514 2840 1660 2876; x_wconf 86' lang='lat' dir='ltr'><strong>HELIO</strong></span> <span class='ocrx_word' id='word_1_406' title='bbox 1680 2839 1834 2876; x_wconf 90' lang='lat' dir='ltr'>LAMIA</span> <span class='ocrx_word' id='word_1_407' title='bbox 1847 2853 1868 2888; x_wconf 79' lang='grc' dir='ltr'><em>γ</em></span> 
     </span>
    </p>

    <p class='ocr_par' dir='ltr' id='par_1_18' title="bbox 424 2896 1143 2934">
     <span class='ocr_line' id='line_1_46' title="bbox 424 2896 1143 2934; baseline -0.004 0"><span class='ocrx_word' id='word_1_408' title='bbox 424 2898 446 2934; x_wconf 92' lang='grc'><strong>1</strong></span> <span class='ocrx_word' id='word_1_409' title='bbox 472 2898 673 2934; x_wconf 70' lang='lat' dir='ltr'>tristiciam</span> <span class='ocrx_word' id='word_1_410' title='bbox 699 2898 882 2934; x_wconf 81' lang='lat' dir='ltr'>AGDau</span> <span class='ocrx_word' id='word_1_411' title='bbox 917 2896 1082 2932; x_wconf 83' lang='lat' dir='ltr'>tristiam</span> <span class='ocrx_word' id='word_1_412' title='bbox 1106 2896 1143 2931; x_wconf 93' lang='lat' dir='ltr'><em>B</em></span> 
     </span>
    </p>
   </div>
  </div>
 </body>
</html>
