2002 3224
299 131 382 173 178
844 133 1028 169 HORATI
1052 133 1316 170 CARMINVM

1052 292 1109 341 X.

608 386 840 427 Extremum
872 387 1024 426 Tanain
1056 389 1092 427 si
1122 387 1299 442 hiberes,
1330 388 1451 442 Lyce,

611 470 731 498 saeuo
762 463 886 510 nupta
917 460 1024 513 uiro,
1055 471 1119 499 me
1151 464 1284 500 tamen
1316 472 1476 512 asperas

668 535 898 582 porrectum
931 535 1021 570 ante
1054 531 1160 571 fores
1193 531 1350 572 obicere
1383 531 1525 572 incolis

726 601 905 654 plorares
937 602 1210 655 Aquilonibus.

610 673 722 714 audis
755 686 832 726 quo
866 675 1035 727 strepitu
1067 675 1202 729 ianua,
1234 687 1312 727 quo
1344 687 1484 715 nemus
1845 684 1867 717 5

610 747 716 785 inter
746 745 911 798 pulchra
943 750 1072 786 satum
1103 750 1207 787 tecta
1239 748 1435 798 remugiat
1844 732 1851 733 ἶ

668 818 820 871 uentis,
852 822 893 857 et
922 818 1072 870 positas
1104 822 1149 858 ut
1179 817 1322 870 glaciet
1351 819 1467 858 niues

726 901 827 941 puro
859 890 1022 929 numine
1054 886 1262 942 Iuppiter?

609 961 806 1013 ingratam
835 960 980 1000 Veneri
1010 972 1113 1013 pone
1146 960 1391 1014 superbiam,

609 1044 660 1071 ne
693 1036 877 1072 currente
910 1036 1017 1072 retro
1050 1032 1156 1072 funis
1188 1037 1252 1071 eat
1282 1037 1387 1072 rota:
1820 1041 1864 1074 1ο

411 1158 464 1194 111
491 1162 546 1195 10.
599 1158 673 1194 ‘Ad
698 1158 823 1204 Lycen
853 1157 1038 1203 loquitur,
1071 1158 1117 1203 de
1150 1158 1256 1194 euius
1289 1158 1465 1205 superbia
1495 1158 1536 1194 in
1565 1157 1679 1194 tertio
1710 1160 1866 1204 questus

293 1208 351 1242 est
374 1206 415 1242 in
439 1206 508 1242 illa
533 1206 605 1242 ode
631 1206 736 1242 cuius
762 1205 914 1241 initium
940 1208 1016 1242 est:
1043 1208 1251 1242 extremum
1279 1227 1323 1233 -
1350 1206 1490 1242 biberis
1515 1206 1629 1252 Lyce’
1656 1207 1700 1243 T:
1729 1207 1781 1243 Po
1828 1206 1867 1244 h.

292 1255 342 1289 ad
368 1266 397 1291 c.
417 1254 488 1289 1111
515 1258 558 1290 13
572 1254 623 1291 in.
725 1253 776 1289 ‘ei
801 1255 929 1289 autem
955 1255 1022 1300 (sc.
1041 1254 1244 1300 meretrici)
1270 1253 1446 1300 insultat,
1480 1255 1526 1289 de
1559 1253 1664 1289 euius
1690 1265 1802 1300 super
1828 1253 1867 1290 ia

291 1302 418 1338 fuerat
439 1303 595 1346 questus
615 1301 656 1336 in
673 1301 743 1337 illa
762 1302 849 1337 ode:
877 1303 1085 1337 extremum
1105 1301 1277 1347 Tanaym
1298 1302 1329 1337 si
1347 1301 1496 1337 biberes
1516 1301 1618 1337 Lice'
1641 1302 1684 1338 T:
1710 1300 1824 1338 schol.
1844 1315 1866 1348 γ

292 1350 342 1385 ad
367 1361 397 1386 c.
417 1350 488 1384 IIII
515 1353 558 1385 13
575 1349 626 1386 in.
748 1350 791 1386 S:
830 1349 985 1384 Theocr.
1006 1348 1057 1385 id.
1079 1353 1099 1384 3
1157 1349 1266 1394 Prop.
1285 1349 1303 1383 1
1329 1352 1385 1394 16,
1407 1352 1450 1384 17
1466 1360 1519 1394 sq.
1580 1349 1649 1384 Ou.
1668 1359 1740 1385 am.
1760 1349 1778 1384 I
1797 1352 1818 1384 6

292 1397 314 1433 1
334 1398 379 1433 T:
399 1397 520 1434 Diom.
542 1410 576 1442 p.
591 1400 661 1432 525
710 1396 854 1433 Victor.
875 1397 921 1432 de
941 1408 989 1432 m.
1010 1396 1097 1432 Hor.
1120 1408 1156 1441 p.
1174 1400 1242 1432 174
1293 1396 1394 1432 Seru.
1415 1396 1462 1432 de
1481 1408 1528 1431 m.
1549 1396 1637 1433 Hor.
1653 1396 1722 1432 1111
1740 1408 1775 1442 p.
1795 1399 1866 1432 469

290 1446 330 1480 et
353 1448 425 1480 470
546 1444 570 1480 3
609 1445 652 1482 S:
691 1444 847 1480 Theocr.
868 1447 901 1490 3,
922 1448 967 1479 52
983 1455 1054 1489 sq.:
1089 1445 1156 1479 οὐκ
1183 1442 1234 1479 ἔτ’
1259 1444 1390 1488 ἀείδω,
1423 1449 1615 1490 κεισεῢμαι
1643 1443 1685 1480 δὲ
1709 1443 1864 1491 necuim„

292 1492 360 1529 Ou.
382 1504 454 1529 am.
475 1492 510 1527 11
536 1497 594 1538 19,
618 1496 680 1528 21:
709 1494 797 1527 ante
822 1494 907 1527 tuos
933 1491 1144 1537 proiectum
1169 1491 1208 1526 in
1233 1491 1363 1527 limine
1388 1491 1508 1538 postis
1606 1490 1630 1527 4
1655 1492 1698 1528 T:
1724 1491 1865 1528 Victor.

291 1541 338 1576 de
363 1552 412 1575 m.
432 1541 519 1576 Hor.
540 1553 576 1586 p.
603 1544 670 1575 176
788 1539 812 1575 5
839 1540 880 1576 S:
909 1539 1062 1575 Hesiod.
1086 1538 1160 1585 ἔργ.
1181 1543 1267 1575 508:
1295 1537 1463 1585 μέμυκε
1490 1538 1532 1575 δὲ
1558 1544 1648 1585 γαῖα
1673 1539 1738 1575 καὶ
1761 1538 1868 1588 mnu

291 1587 431 1624 Tibull.
452 1588 506 1623 111
531 1592 564 1633 3,
587 1591 648 1624 15:
683 1589 722 1623 et
745 1598 898 1623 nemora
922 1587 963 1621 in
988 1586 1161 1622 domibus
1189 1598 1314 1622 sacros
1339 1586 1532 1622 imitantia
1555 1587 1660 1622 lucos
1682 1588 1696 1634 ΙΙ
1720 1586 1816 1623 Stat.
1837 1597 1865 1624 ε.

290 1636 365 1681 Ι3,
387 1639 432 1671 59
450 1648 523 1681 sq.:
557 1635 648 1680 quid
681 1637 719 1671 te
752 1641 817 1677 (sc.
844 1634 985 1680 mirer),
1019 1645 1116 1679 quae
1147 1634 1282 1670 mediis
1316 1637 1467 1670 seruata
1491 1634 1710 1679 penatibus,
1744 1633 1866 1681 arbor,

290 1685 396 1719 tecta
421 1694 488 1730 per
507 1684 547 1718 et
565 1685 693 1729 postes
714 1682 880 1728 liquidas
901 1683 1061 1727 emergis
1087 1681 1127 1717 in
1146 1685 1280 1717 auras?
1311 1683 1324 1728 ΙΙ
1354 1682 1462 1727 Prop.
1477 1682 1495 1717 I
1515 1685 1571 1727 14,
1585 1685 1624 1718 5:
1649 1683 1689 1717 et
1711 1692 1866 1718 nemus

289 1742 398 1767 omne
431 1733 557 1766 satas
588 1730 763 1766 intendat
786 1729 928 1765 uertice
960 1729 1106 1765 siluas
1138 1731 1150 1775 ΙΙ
1180 1729 1305 1764 Varro
1334 1741 1361 1764 r.
1382 1741 1411 1765 r.
1432 1730 1484 1764 ΠΙ
1509 1733 1541 1775 5,
1563 1733 1626 1765 12:
1663 1731 1771 1764 extra
1801 1739 1865 1764 eas

289 1778 482 1814 columnas
509 1780 568 1814 est
592 1778 714 1814 silua
744 1788 859 1812 manu
891 1778 1010 1823 sata,
1042 1776 1250 1822 grandibus
1290 1776 1488 1811 arboribus
1513 1778 1632 1822 tecta,
1670 1778 1714 1811 ut
1736 1775 1867 1811 infima

286 1826 499 1872 perluceat,
536 1828 620 1862 tota
657 1827 791 1872 saepta
821 1824 994 1860 maceriis
1033 1824 1121 1859 altis
1152 1826 1164 1870 u
1197 1825 1280 1860 Sen.
1310 1823 1419 1869 epist.
1442 1827 1528 1868 122,
1550 1827 1588 1859 8:
1626 1833 1700 1858 non
1730 1823 1868 1858 uiuunt

289 1875 421 1910 eontra
438 1875 625 1919 naturam,
640 1873 706 1918 qui
722 1872 893 1919 pomaria
912 1872 952 1906 in
972 1871 1125 1907 summis
1145 1870 1310 1906 turribus
1339 1872 1520 1906 serunt}>
1540 1882 1698 1915 quorum
1717 1869 1866 1906 siluae

288 1921 328 1956 in
353 1922 494 1958 tectis
521 1922 698 1956 domuum
724 1931 768 1955 ac
792 1919 958 1964 fastigiis
982 1920 1120 1954 nutant
1145 1929 1175 1954 e.
1198 1931 1232 1963 q.
1255 1930 1283 1955 s,
1402 1918 1426 1954 8
1452 1930 1536 1953 cum
1564 1918 1686 1964 ‘puro’
1713 1917 1867 1954 numine

289 1970 335 2006 ef.
355 1969 510 2005 Theocr.
531 1972 588 2013 24,
609 1972 670 2004 39:
709 1970 886 2011 καθαρᾶς
906 1996 914 2003 .
930 1995 938 2002 .
954 1995 962 2003 .
982 1966 1194 2012 ἠριγενειάς
1227 1967 1266 2001 et
1295 1965 1399 2001 IOVI
1437 1965 1629 2001 SERENO
1660 1965 1700 2000 in
1727 1964 1866 2001 ueteris

287 2017 464 2052 lucernae
489 2016 602 2051 titulo
628 2015 729 2051 laud.
751 2015 799 2050 ab
819 2014 947 2059 Henry
966 2013 1120 2049 Aeneid.
1140 2014 1157 2048 I
1178 2026 1215 2059 p.
1237 2017 1306 2049 556
1326 2015 1338 2059 u
1359 2014 1470 2049 Mart.
1493 2013 1599 2048 VIIII
1625 2016 1682 2058 24,
1701 2015 1740 2049 3:
1765 2012 1867 2048 Iouis

290 2094 297 2100 .
314 2093 321 2100 .
338 2093 345 2100 .
367 2064 496 2100 Sereni
593 2063 616 2098 9
645 2063 687 2100 S:
713 2062 853 2107 Agath.
873 2062 913 2096 in
932 2061 1037 2098 anth.
1059 2061 1137 2097 Pal.
1151 2061 1185 2096 V
1204 2065 1285 2106 280,
1302 2065 1321 2096 7
1342 2072 1414 2105 sq.:
1441 2060 1617 2105 Κύπρις
1641 2060 1712 2106 γὰρ
1731 2059 1778 2096 τὰ
1797 2059 1868 2107 μὲν

288 2111 382 2147 ἄλλα
406 2113 645 2157 παλίγκοτος·
681 2109 726 2145 ἓν
759 2108 802 2145 δέ
833 2123 868 2145 τι
899 2109 1014 2144 καλὸν
1048 2108 1210 2154 ἔλλαχεν,
1245 2106 1492 2154 ἐχθαίρειν
1531 2107 1608 2149 τὰς
1646 2108 1866 2155 σοβαρευ-

289 2158 455 2206 ομένας
599 2158 649 2194 10
687 2158 773 2194 fort.
806 2168 826 2192 e
862 2156 1061 2202 prouerbio
1101 2156 1261 2202 Graeco,
1303 2155 1382 2192 uid.
1415 2155 1572 2191 Aristid.
1599 2167 1636 2201 p.
1663 2158 1732 2190 118
1749 2154 1864 2192 Jebb:

406 2278 459 2314 III
493 2282 549 2313 10.
600 2279 635 2312 ,Ω
655 2295 699 2307 =
719 2274 1421 2322 Α’(Αα)ΒΟΕ(φψ)Εγὸλ’(λῑ)πτα]
1482 2274 1549 2310 AD
1586 2273 1750 2310 LYGEN
1786 2273 1862 2320 (LI-

287 2338 383 2374 CEN
407 2339 479 2384 τα)
511 2337 625 2373 Α’Βτ
751 2336 817 2371 AD
854 2335 1003 2372 LICEM
1034 2327 1192 2381 (LINCE
1224 2349 1245 2381 γ
1294 2334 1439 2370 LICEN
1473 2335 1550 2380 πα)
1600 2333 1861 2370 SVPERBAM
1915 2329 1918 2331 ’

287 2392 342 2427 IN
360 2391 594 2428 AMANTES
614 2390 834 2436 Γγδλ’πα,·
859 2391 1022 2435 inscript.
1044 2390 1144 2425 omis.
1161 2388 1251 2434 GR,
1274 2390 1355 2424 sine
1377 2387 1624 2424 interualzoR

410 2452 431 2487 1
470 2452 695 2487 Extremum
719 2450 758 2486 R
878 2447 1023 2484 tanaim
1053 2449 1090 2484 R
1117 2448 1218 2484 Seru.
1267 2447 1401 2482 tanain
1431 2451 1509 2483 cett.
1529 2447 1623 2491 Pph.
1648 2446 1712 2483 Ac.
1736 2447 1859 2483 Diem.

295 2507 429 2542 Victor.
526 2503 669 2540 biberis
695 2503 933 2548 A'1Bleh.
967 2501 1106 2537 uiueris
1133 2501 1233 2537 Seru.
1268 2500 1417 2536 biberes
1436 2505 1514 2536 cett.
1531 2497 1597 2536 A'2
1616 2511 1738 2546 eoepos.
1757 2504 1858 2536 metr.

287 2561 351 2596 Ac.
368 2559 491 2596 Diom.
530 2557 680 2593 biberet
709 2557 843 2593 Victor.
916 2556 999 2601 lyce
1012 2555 1113 2600 BGy
1126 2555 1250 2590 Diom.
1265 2554 1358 2590 Vict.
1394 2553 1466 2589 lice
1479 2553 1719 2589 Α’Ὲὸλπτα
1736 2564 1858 2599 expos,

287 2618 387 2650 metr.
425 2613 533 2658 lyeae
558 2611 711 2647 RSeru.
737 2610 834 2646 licae
854 2610 867 2645 l
996 2608 1020 2644 2
1045 2608 1140 2644 Seuo
1166 2607 1325 2643 Αλπτα
1422 2617 1575 2652 asperas
1600 2607 1702 2643 omis.
1727 2606 1811 2642 Ru

287 2685 311 2720 3
338 2683 501 2720 obiicere
525 2696 546 2719 τ
642 2681 666 2718 4
692 2681 852 2717 Ploralis
878 2681 914 2717 B
1011 2679 1034 2715 5
1062 2665 1106 2726 ςῗο
1130 2690 1261 2714 nemus
1286 2691 1310 2714 a
1420 2677 1444 2713 6
1469 2677 1602 2723 pulcra
1631 2678 1703 2714 Bu
1799 2688 1857 2713 sa-

286 2740 368 2773 tum
382 2738 469 2773 A'B
481 2737 551 2773 GR
559 2750 579 2782 γ
588 2738 628 2772 ὂ2
637 2735 714 2772 Ilm
722 2740 738 2771 ‘2
751 2749 771 2771 τ
783 2735 849 2771 Ae.
866 2735 1064 2771 Pseudacr.
1077 2733 1185 2769 schol.
1200 2746 1220 2778 γ
1230 2733 1284 2768 bis
1328 2730 1441 2766 situm
1454 2731 1496 2766 F
1502 2732 1540 2766 δι
1549 2742 1628 2767 mu
1640 2732 1734 2777 Pph.
1747 2732 1856 2768 schol.

288 2794 307 2826 λ
322 2805 350 2836 φ
390 2802 536 2826 sacrum
550 2791 604 2826 As
636 2789 849 2838 sssspositum
874 2790 929 2833 R,
952 2799 997 2823 πι
1018 2795 1161 2824 erasum
1301 2786 1320 2820 7
1348 2784 1486 2830 glatiet
1509 2785 1600 2820 R1u
1636 2783 1760 2830 glacie
1783 2797 1813 2820 π

289 2845 312 2878 8
343 2844 463 2891 Pussro
489 2844 527 2879 R
636 2844 660 2878 9
691 2843 885 2888 Ingratum
911 2843 966 2878 R1
1077 2840 1127 2875 10
1158 2839 1238 2875 Nec
1262 2838 1432 2874 BGomte
1445 2839 1642 2874 remeante
1653 2837 1808 2874 ras.Ae.

287 2898 387 2932 funis
413 2897 448 2932 Α
486 2897 597 2931 funus
624 2911 652 2942 q>
667 2901 752 2933 ante
764 2907 836 2932 ras.
936 2896 1016 2930 erat
1042 2895 1162 2929 &ante
1173 2904 1246 2929 ras.
1285 2893 1377 2939 ellat
1402 2893 1414 2927 l
1511 2892 1611 2927 retro
1635 2892 1678 2927 in
1695 2902 1769 2927 ras.
1788 2904 1808 2927 τ
