2002 3224
258 181 313 223 26
806 185 992 221 HORATI
1016 186 1278 223 OARMINVM

558 296 745 350 perdere,
777 309 849 336 cur
880 299 1059 349 apricum

500 366 628 406 oderit
660 380 860 421 eampum,
891 370 1046 420 patiens
1079 369 1258 422 pulueris
1291 375 1409 423 atque
1442 372 1549 425 solis,

558 451 629 478 cur
660 451 788 491 neque
821 438 1005 480 militaris
1800 453 1821 485 5

498 510 602 548 inter
633 509 817 561 aequales
850 512 1017 565 equitet,
1049 511 1195 552 Gallica
1227 525 1300 552 nec
1332 513 1477 566 lupatis

254 635 375 681 Lydia
411 635 470 671 dic
505 647 572 681 per
607 647 735 672 omnes
761 636 923 674 ...H0r.
953 637 1112 684 primum
1149 639 1407 675 choriambum
1442 641 1682 678 durissimum
1716 642 1822 687 fecit:

255 695 322 729 pro
356 683 482 719 iambo
515 683 721 729 spondeum
752 683 981 721 infulciendo
1015 686 1084 723 sic:
1117 686 1187 722 hoc
1213 687 1303 723 deos
1329 699 1416 724 uere
1442 689 1624 734 Sybarim.
1675 701 1765 726 nam
1790 690 1823 726 si

256 732 405 766 secutus
432 732 532 766 esset
556 730 754 777 Alcaeum,
782 731 835 767 sic
861 733 1090 771 ordinasset:
1115 734 1186 770 hoc
1212 735 1284 770 dea
1308 746 1406 772 uere.
1440 747 1541 772 error
1565 739 1694 773 tamen
1717 737 1822 774 illius

254 778 372 814 habet
398 779 689 825 excusationem,
716 779 816 824 quod
841 779 881 814 in
906 791 951 816 ea
975 782 1233 826 perseuerauit
1251 782 1346 828 lege,
1368 795 1481 828 quam
1500 784 1581 829 ipse
1602 785 1676 820 sibi
1695 785 1822 831 aliquo

254 837 344 862 casu
374 826 533 872 fecerat,
567 838 684 871 usque
719 827 767 862 ad
796 826 970 863 ultimam
994 831 1142 874 partem
1166 841 1241 865 non
1268 831 1464 866 mutando’
1505 831 1658 869 Caesius
1683 833 1822 869 Bassus

251 886 285 919 p.
308 877 377 909 270
453 874 587 918 ‘Lydia
611 874 672 909 dic
697 885 764 919 per
789 875 910 910 omnis
933 877 971 911 te
991 876 1080 912 deos
1101 888 1163 912 oro
1186 876 1358 923 Sybarim
1378 889 1443 913 cur
1460 890 1640 924 properas
1660 881 1823 917 amando

330 920 370 956 in
402 921 473 956 hoc
504 921 620 956 etiam
645 921 801 957 recessit
826 923 874 957 ab
901 923 1058 967 Alcaeo,
1092 925 1192 969 quod
1219 924 1381 970 primum
1406 926 1664 963 choriambum
1688 928 1823 964 durum

252 968 354 1014 fecit,
382 969 620 1016 [secundum]
648 981 715 1015 pro
740 969 867 1006 iambo
889 971 1096 1016 spondeum
1120 972 1305 1016 ponendo.
1337 984 1427 1008 nam
1452 973 1484 1009 si
1510 976 1662 1011 secutus
1685 975 1821 1012 fuisset

252 1015 444 1061 Alcaeum,
472 1016 525 1051 sic
551 1016 778 1054 ordinasset:
805 1017 877 1052 hoc
903 1018 974 1053 dea
999 1030 1085 1055 uere
1110 1019 1282 1066 Sybarim
1302 1031 1367 1056 cur
1385 1032 1562 1067 properes
1582 1023 1743 1060 amando
1764 1053 1773 1062 .
1787 1053 1796 1060 .
1813 1050 1821 1059 .

252 1074 296 1099 ex
327 1064 398 1098 hoc
430 1063 789 1110 hendecasyllabum
823 1064 1051 1110 Sapphicum
1082 1067 1198 1104 facies
1232 1067 1302 1105 sic:
1335 1080 1475 1113 quaeso
1501 1069 1621 1115 Lydia
1646 1070 1707 1107 dic
1732 1071 1822 1107 deos

249 1122 317 1156 per
341 1122 480 1147 omnes.
527 1112 573 1147 de
604 1112 768 1147 secunda
793 1111 1053 1149 hexametrum
1080 1114 1151 1151 sic:
1185 1115 1303 1152 hocne
1329 1116 1419 1151 deos
1445 1128 1532 1153 uere
1559 1117 1731 1163 Sybarim
1757 1130 1822 1154 cur

249 1158 399 1204 quaeris
427 1159 604 1195 amando'
638 1160 788 1195 Fortun.
810 1172 844 1205 p.
869 1164 939 1195 300
956 1173 1009 1206 sq.
1086 1162 1221 1208 ‘Lydia
1248 1184 1290 1189 —
1317 1163 1387 1199 hoc
1419 1164 1509 1200 deos
1541 1176 1628 1201 uere
1662 1165 1822 1212 Sybarin

249 1217 315 1241 cur
351 1217 529 1252 properes
564 1209 757 1253 (properas
791 1207 948 1253 Victor.)
984 1210 1161 1245 amando’
1198 1210 1318 1247 Diom.
1339 1222 1375 1256 p.
1397 1215 1466 1247 520
1526 1211 1667 1251 Victor.
1693 1225 1730 1259 p,
1752 1217 1820 1249 165

249 1253 350 1289 idem
375 1254 421 1289 de
446 1266 494 1290 m.
515 1254 601 1291 Hor.
624 1267 658 1300 p.
683 1258 749 1290 178
776 1257 815 1290 et
838 1267 873 1300 p.
897 1259 982 1302 172,
1010 1257 1075 1292 sed
1101 1257 1162 1293 hic
1188 1258 1313 1294 omiss.
1335 1259 1460 1294 uerbis
1482 1261 1634 1295 ‘octaua
1659 1261 1744 1296 ode’

251 1301 530 1347 ‘Lydia—hoc
560 1302 648 1338 deos
674 1303 776 1338 uere’
805 1304 847 1339 T:
874 1303 1014 1339 Victor.
1035 1317 1070 1350 p.
1092 1309 1147 1341 87.
1171 1309 1237 1340 173
1289 1307 1330 1343 S:
1356 1307 1442 1343 Eur.
1464 1307 1551 1343 Hec.
1574 1311 1683 1346 1127:
1709 1308 1822 1355 πρὸς

248 1352 371 1385 θεῶν
410 1362 455 1385 σε
493 1351 707 1395 λίσσομαι
744 1352 756 1396 ΙΙ
793 1351 874 1386 Ter.
904 1350 1123 1394 Andr.V1,
1146 1357 1206 1389 15:
1244 1364 1312 1399 per
1349 1365 1418 1399 ego
1457 1355 1500 1389 te
1532 1355 1639 1390 deos
1674 1367 1750 1391 oro

251 1396 289 1432 1.
316 1396 340 1432 3
377 1397 511 1443 ‘Lydia
545 1397 605 1433 dic
635 1398 791 1443 perdere
825 1410 889 1433 cur
906 1427 913 1434 .
931 1428 935 1433 .
953 1400 983 1434 .'
1018 1400 1060 1435 T:
1093 1400 1233 1437 Victor.
1259 1413 1295 1446 p.
1323 1405 1379 1436 53.
1406 1405 1450 1437 86
1465 1401 1524 1437 bis
1600 1402 1736 1449 ‘Lydia
1761 1403 1821 1439 dic

250 1455 383 1489 precor
407 1444 502 1480 mihi
524 1445 679 1491 perdere
701 1457 765 1481 cur
784 1475 791 1482 .
808 1475 815 1482 .
833 1447 861 1482 .’
885 1445 1025 1483 Victor.
1048 1460 1082 1493 p.
1105 1452 1173 1483 144
1272 1448 1292 1483 1
1321 1450 1363 1485 T:
1389 1449 1508 1485 Diom.
1529 1462 1564 1496 p.
1586 1454 1655 1486 509
1704 1450 1820 1488 Prisc.

250 1491 380 1537 partit.
402 1492 558 1528 duodec.
579 1504 673 1528 uers.
695 1493 786 1529 Aen.
810 1497 846 1538 1,
868 1497 888 1528 2
938 1493 1035 1530 Plot.
1056 1507 1092 1540 p.
1114 1500 1180 1531 517
1238 1495 1377 1532 Victor.
1400 1509 1435 1542 p.
1459 1501 1527 1534 145
1583 1498 1684 1535 Seru.
1706 1498 1753 1535 de
1771 1510 1819 1535 m.

250 1539 335 1575 Hor.
358 1539 481 1586 1111p.
501 1544 572 1576 470
649 1540 751 1577 ‘Hor.
772 1540 812 1575 in
837 1542 854 1576 I
880 1541 1104 1579 carminum:
1131 1542 1251 1589 Lydia
1270 1565 1314 1569 ——
1336 1546 1480 1580 omnes’
1503 1544 1617 1582 Prisc.
1639 1545 1707 1582 VlI
1726 1549 1747 1582 5

250 1587 384 1633 ‘Lydia
411 1587 486 1623 dic’
515 1589 558 1624 T:
585 1587 725 1624 Victor.
748 1601 781 1634 p.
805 1592 884 1624 101.
907 1591 973 1624 146
1049 1589 1072 1624 2
1099 1591 1143 1626 Τ;
1172 1590 1307 1626 Victor.
1328 1604 1364 1637 p.
1388 1595 1454 1627 166
1503 1592 1625 1630 Diom.
1645 1605 1681 1640 p.
1703 1597 1771 1630 508

251 1635 331 1669 ‘cur
354 1646 531 1681 properes
558 1636 733 1671 amando’
763 1637 805 1672 T:
832 1636 953 1672 Diom.
974 1648 1008 1682 p.
1033 1641 1100 1673 509
1228 1638 1251 1674 3
1267 1651 1347 1684 sqq.
1375 1640 1417 1676 S:
1443 1639 1620 1677 Philostr.
1641 1641 1750 1687 epist.
1773 1645 1818 1678 27

249 1682 297 1727 (ΙΙ
321 1694 356 1728 p.
378 1687 447 1718 239
461 1683 538 1726 K.2)
568 1684 614 1719 de
647 1683 780 1719 similis
812 1683 950 1719 indolis
983 1684 1135 1722 iuuene:
1175 1687 1241 1732 οὐχ
1274 1688 1389 1722 ἵππον
1422 1687 1660 1742 όίνυιρἰκίνεις2
1687 1689 1756 1725 οὐκ
1782 1685 1821 1731 ἐς

247 1731 482 1775 παλαίστραν
509 1732 696 1779 ἀπαντᾷς,
725 1732 791 1777 οὐχ
816 1731 906 1779 ἡλίῳ
933 1733 1046 1773 δίδως
1072 1732 1245 1777 σεαυτόνς
1350 1734 1374 1769 3
1390 1746 1443 1778 sq.
1473 1735 1552 1770 ‘cur
1578 1747 1747 1781 aprlcum
1771 1757 1819 1764 -

248 1777 352 1812 solis'
386 1778 500 1814 Prisc.
527 1779 648 1815 XVIII
674 1783 718 1814 94
806 1780 886 1814 ‘cur
911 1799 956 1805 —
983 1781 1171 1824 campum’
1206 1782 1248 1816 T:
1280 1781 1393 1817 Prisc.
1415 1782 1518 1817 XVII
1536 1787 1582 1818 49
1645 1782 1747 1819 Seru.
1768 1784 1818 1819 ad

246 1825 336 1861 Aen.
358 1826 388 1859 II
412 1829 479 1861 202
626 1826 664 1863 4.
699 1827 762 1864 11.
798 1826 847 1862 12
881 1827 922 1863 S:
950 1826 1015 1862 Sil.
1036 1827 1141 1862 XIIII
1161 1831 1229 1863 505
1245 1839 1342 1873 sqq:
1370 1839 1434 1863 seu
1460 1829 1720 1874 splendentem
1746 1830 1815 1866 sub

247 1871 372 1908 sidera
390 1872 475 1908 nisu
494 1873 662 1919 exigeret
682 1874 873 1919 discum,
899 1873 1052 1909 iaculo
1074 1885 1137 1909 seu
1157 1875 1289 1910 nubila
1308 1887 1421 1921 supra
1441 1878 1626 1923 surgeret,
1654 1877 1816 1923 aligeras

246 1919 359 1955 ferret
385 1932 451 1956 seu
474 1921 666 1966 puluere
688 1921 840 1966 plantas
861 1920 925 1956 uix
944 1922 1046 1956 tacto
1066 1921 1127 1957 uel
1147 1922 1307 1957 dimensi
1327 1923 1453 1968 spatia
1471 1923 1645 1970 improba
1664 1925 1817 1971 campi

245 1967 423 2003 transiret
454 1968 565 2004 uelox
597 1969 697 2004 saltu
841 1967 865 2003 4
898 1969 940 2005 S:
971 1970 1085 2013 poeta
1111 1970 1212 2014 apud
1232 1970 1305 2006 Cic.
1326 1970 1435 2007 Tusc.
1455 1971 1551 2017 disp.
1572 1972 1688 2009 1115:
1718 1972 1816 2015 nihil

245 2015 378 2049 horum
403 2015 526 2050 simile
553 2027 634 2051 esse
661 2016 763 2060 apud
787 2016 977 2050 Lacaenas
1003 2015 1180 2062 uirgines,
1207 2017 1343 2062 quibus
1369 2019 1491 2064 magis
1519 2019 1722 2064 palaestra,
1742 2020 1816 2056 Eu-

245 2063 346 2107 rota,
373 2062 458 2106 sol,
484 2062 656 2109 puluis,
682 2062 790 2098 labor
814 2062 975 2098 milit-iae
994 2062 1034 2098 in
1054 2064 1179 2099 studio
1200 2066 1273 2110 est,
1297 2077 1410 2110 quam
1429 2066 1608 2102 fertilitas
1627 2067 1813 2116 barbarafl

245 2108 340 2144 Plin.
361 2109 469 2154 epist.
490 2109 578 2144 VIII
599 2114 638 2146 2:
671 2122 754 2145 cum
788 2121 893 2145 arma
919 2112 1062 2156 uestra,
1090 2123 1173 2147 cum
1200 2115 1342 2159 castra,
1369 2125 1453 2149 cum
1479 2113 1640 2159 denique
1666 2126 1817 2170 cornua²

246 2156 374 2201 tubas,
409 2156 599 2202 sudorem,
630 2157 883 2203 puluerem,
917 2158 1039 2194 soles
1076 2159 1287 2205 cogitamus
1315 2162 1329 2214 fl
1359 2161 1570 2206 symmach.
1592 2173 1642 2197 or.
1662 2162 1681 2198 I
1700 2166 1738 2199 1:
1763 2162 1819 2198 ib1

245 2202 406 2248 primum
436 2203 647 2240 tolerans
685 2205 797 2240 solis
833 2207 871 2241 et
901 2205 1110 2251 pulueris
1137 2218 1218 2243 esse
1244 2207 1414 2243 didlcisti
1444 2211 1456 2254 n
1486 2209 1572 2245 Tac.
1592 2209 1679 2247 hist.
1700 2209 1734 2245 II
1755 2214 1818 2246 99:

245 2261 320 2285 non
345 2250 454 2297 uigor
479 2252 713 2298 corporibus,
740 2264 814 2289 non
839 2253 951 2288 ardor
975 2253 1121 2290 animis.
1159 2255 1304 2290 lentum
1330 2257 1368 2291 et
1392 2267 1518 2292 rarum
1543 2268 1692 2303 agmen,
1715 2257 1817 2294 fluxa

246 2309 360 2344 arma,
383 2309 514 2344 segnes
535 2300 637 2344 equi:
658 2300 910 2345 impatiens
931 2300 1062 2347 solis,
1083 2302 1316 2349 pulueris,
1336 2305 1607 2349 tempestatum
1625 2307 1637 2351 ΙΙ
1655 2305 1815 2341 Trebell.

244 2345 365 2380 Pollio
390 2345 456 2381 uit.
486 2346 648 2383 Odenati
674 2359 702 2383 c.
726 2352 786 2384 13:
814 2348 955 2384 solem
980 2360 1024 2384 ac
1049 2349 1284 2394 puluerem
1310 2350 1351 2385 in
1375 2351 1485 2387 bellis
1511 2351 1671 2387 Persicis
1701 2352 1816 2388 tulit

245 2393 269 2428 6
285 2405 338 2438 sq.
366 2394 407 2429 S:
434 2393 544 2430 Prud.
567 2395 693 2441 psych.
723 2400 807 2432 191:
834 2395 1035 2442 impatiens
1133 2398 1358 2434 frenarier
1384 2410 1461 2434 ora
1486 2399 1665 2444 lupatis

365 2515 399 2547 Ω
418 2531 462 2543 =
482 2514 1154 2562 ABGDF(‹p1p)RyM'(u)vnau]

245 2577 340 2610 quae
360 2566 458 2612 geris
479 2568 675 2613 (Victoria.
691 2580 730 2613 10-
754 2570 857 2613 144)‚·
879 2568 1000 2604 Bentl.
1020 2569 1128 2613 affert
1147 2570 1240 2605 Hor.
1260 2581 1288 2606 s.
1309 2570 1326 2604 I
1351 2573 1381 2615 7,
1403 2573 1447 2605 33
1461 2582 1530 2616 sq..·
1555 2580 1622 2615 per
1641 2580 1814 2616 magnos,

243 2620 374 2665 Brute,
402 2620 491 2655 deos
517 2622 554 2656 te
582 2632 645 2656 oro
677 2622 689 2667 ΙΙ
720 2621 800 2656 Ter.
822 2621 934 2655 Andr.
957 2624 1042 2656 538:
1074 2632 1141 2666 per
1165 2622 1202 2656 te
1229 2622 1317 2657 deos
1338 2633 1401 2657 oro
1433 2624 1444 2668 ΙΙ
1476 2625 1562 2658 834:
1587 2633 1655 2667 per
1679 2633 1748 2669 ego
1774 2625 1814 2659 te

244 2673 333 2707 deos
359 2684 422 2708 oro
460 2675 471 2719 ΙΙ
508 2677 594 2710 694:
626 2685 693 2719 per
719 2673 839 2709 omnis
864 2673 936 2708 tibi
962 2673 1092 2709 adiuro
1119 2674 1207 2710 deos
1244 2677 1256 2720 ΙΙ
1295 2675 1358 2711 Sil.
1381 2675 1412 2709 X
1433 2679 1517 2712 283:
1550 2675 1627 2720 dic,
1653 2686 1717 2711 oro

244 2725 396 2770 sybarin
417 2727 489 2762 Fa
504 2728 713 2764 Victorinus
757 2727 909 2772 sybarin
940 2733 1006 2764 aut
1037 2727 1191 2763 subarin
1215 2728 1269 2763 R1
1296 2732 1339 2764 ut
1361 2729 1438 2764 uid.
1468 2728 1609 2764 sibarin
1633 2741 1660 2764 u
1704 2729 1813 2774 syba-

243 2778 313 2812 rim
334 2779 464 2815 DM'v
510 2780 664 2815 sibarim
684 2782 992 2827 ARp.ras.yAe.
1025 2782 1154 2827 sybari
1172 2781 1277 2817 BGa
1374 2781 1464 2827 quid
1491 2794 1670 2829 properas
1689 2783 1812 2820 Diom.

245 2836 325 2877 508,
346 2835 406 2869 sed
423 2835 519 2870 idem
538 2845 603 2869 cur
621 2846 797 2880 properes
813 2839 891 2871 509.
908 2839 977 2870 520
1015 2846 1080 2870 cur
1103 2845 1281 2879 properas
1301 2846 1384 2879 πφ2
1401 2835 1548 2872 Caesius
1561 2837 1703 2873 Bassus
1718 2837 1814 2873 For-

243 2890 361 2922 tunat.
388 2887 516 2922 Victor.
557 2899 621 2922 cur
644 2888 856 2935 properessss
881 2900 908 2923 u
944 2900 1008 2923 cur
1032 2898 1207 2933 properes
1233 2892 1309 2924 cett.
1328 2888 1450 2925 Diom.
1466 2891 1645 2935 expositio
1662 2891 1814 2926 metrica

244 2939 349 2976 schol.
365 2953 386 2986 γ
466 2939 490 2975 4
516 2951 677 2987 canpum
702 2953 728 2977 u
784 2941 936 2987 paciens
957 2943 970 2978 l
999 2941 1202 2988 impatiens
1221 2942 1342 2978 Remi.
1431 2942 1454 2979 5
1480 2942 1664 2978 militares
1690 2956 1712 2978 ν
1732 2944 1765 2989 ()
1805 2986 1808 2989 ,
