2008 3230
828 121 1117 159 PRAEFATIO.
1311 141 1314 143 Δ
1646 125 1762 161 LXIX

183 235 354 289 singulis
379 236 557 288 paginis,
583 237 915 289 0,285><0,215
930 250 982 276 m.
1039 235 1244 276 Oriundus
1264 238 1325 276 est
1345 250 1392 276 ex
1410 237 1763 278 Benedictinorum

183 296 427 336 monasterio
456 296 684 336 Corbeiensi
703 290 897 351 (Corbie),
924 296 1032 348 quod
1058 296 1183 335 situm
1203 298 1264 336 est
1287 297 1330 335 in
1349 297 1547 336 Picardia.
1599 298 1714 337 Sicut
1739 314 1764 338 α

183 355 307 396 etiam
319 356 358 409 b,
379 369 624 408 quamquam
645 356 778 396 minus
794 369 923 408 saepe,
943 356 1064 407 primi
1084 356 1235 396 ordinis
1254 356 1495 396 lectionibus
1515 357 1764 397 deformatus

182 418 261 467 est3
292 416 400 456 idem
426 417 633 456 tralaticia
657 416 778 467 primi
804 416 955 456 ordinis
982 417 1135 456 scholia
1160 438 1200 443 ν
1232 415 1353 456 schol.
1373 419 1414 456 Γ
1432 419 1473 456 et
1498 418 1619 470 gloss.
1645 419 1684 456 Γ
1705 440 1760 446 ——

181 475 379 529 continet,
422 476 665 516 intermixtis
709 476 952 528 quibusdam
994 476 1221 517 recentibus
1265 489 1312 516 ac
1355 476 1508 516 uilibus
1546 477 1670 530 notis,
1715 480 1763 518 ut

181 549 213 576 c.
240 534 303 575 m
332 538 404 588 19,
427 538 478 575 11
519 537 638 588 gloss.
668 536 711 575 b:
753 533 929 576 ‘mwnere
960 530 1052 591 (pro
1093 534 1319 588 mwrenaess
1362 534 1521 577 amore?
1582 538 1641 576 Vt
1680 538 1762 577 iam

181 608 278 636 casu
308 596 428 635 ualde
462 596 633 636 mutilus
666 598 738 648 est,
773 596 834 636 ita
865 610 958 636 eum
989 597 1031 635 in
1068 609 1190 636 usum
1220 596 1414 647 Delphini
1450 599 1500 636 ut
1536 597 1678 637 dicunt
1716 612 1763 638 ex

179 655 381 695 industria
423 656 752 696 detruncantium
794 669 1030 707 perpessum
1074 669 1158 697 esse
1201 656 1387 696 uidemus
1431 657 1620 710 iniurias,
1667 658 1761 697 uide

179 716 335 767 Epileg.
368 715 420 755 ad
451 728 482 756 c.
508 716 572 755 III
598 717 636 768 6,
665 717 731 755 22.
793 716 923 756 Hodie
956 718 1173 767 supersunt
1205 717 1322 756 haec:
1361 730 1392 757 c.
1419 717 1461 755 ΙΙ
1489 720 1532 769 9,
1561 719 1760 770 12-18,

183 777 250 816 26.
280 776 344 814 III
372 778 409 828 1,
437 777 606 828 20—6,
636 778 701 815 14.
737 778 773 829 7,
804 777 1016 815 14-ΙΙΙΙ
1045 779 1080 828 1,
1110 777 1176 815 24.
1214 777 1299 815 ΠΙΙ
1325 779 1363 828 4,
1392 778 1569 816 39—-a,
1594 791 1633 828 p.
1663 779 1760 818 236.

180 849 215 875 a.
241 850 278 887 p.
307 836 591 887 334—epod.
617 836 683 877 fin.
710 849 740 877 c.
768 849 797 876 s.
862 836 1056 888 Sequitur
1094 837 1223 876 altera
1254 837 1402 877 codicis
1434 850 1545 889 pars,
1583 851 1663 877 non
1696 851 1759 877 ea-

179 896 269 935 dem
300 908 423 935 manu
454 909 536 947 qua
566 896 678 947 prior
707 896 874 947 scripta:
907 909 936 936 s.
962 897 983 935 I
1011 898 1197 949 1‚1-6,
1227 898 1292 937 79.
1323 897 1523 936 126—11
1551 900 1587 949 1,
1617 899 1683 937 23.
1719 898 1761 936 II

180 958 216 1007 1,
246 956 416 994 72—II
443 957 486 1008 6,
514 957 581 995 80.
633 956 746 1006 epist.
773 956 793 995 I
821 959 863 1009 1,
893 956 1033 995 1—11
1061 959 1097 1009 1,
1125 958 1193 997 37.
1222 957 1410 996 51—-61,
1449 952 1676 1011 (75-122
1710 958 1760 997 ab

176 1015 257 1054 alio
289 1010 460 1069 addita).
495 1017 741 1055 123—216.
803 1016 1038 1067 Descriptus
1077 1018 1139 1056 est
1172 1030 1220 1056 ex
1257 1017 1390 1057 codice
1422 1017 1661 1057 minusculis
1692 1018 1759 1057 lit-

174 1074 272 1114 teris
303 1077 467 1114 exarato
501 1070 553 1128 (c.
578 1076 620 1114 II
649 1077 715 1127 18,
737 1077 762 1114 8
795 1077 941 1116 dientes
972 1077 997 1115 b
1013 1084 1030 1115 1
1065 1090 1138 1127 pro
1170 1078 1334 1116 clientes.
1385 1090 1415 1117 c.
1443 1077 1527 1116 IIII
1553 1079 1592 1130 8,
1615 1079 1670 1117 23
1703 1081 1760 1117 ta-

177 1131 395 1185 titurnitas)
430 1136 471 1173 et
507 1147 532 1174 a
568 1135 782 1187 monacho,
821 1136 892 1186 qui
923 1149 947 1175 v
973 1153 1030 1168 =
1055 1137 1081 1185 f
1104 1137 1367 1187 pronuntiare
1405 1137 1561 1176 solebat
1598 1132 1650 1191 (c.
1676 1138 1759 1177 IIII

180 1196 246 1246 11,
269 1195 320 1233 21
356 1197 391 1233 te
415 1195 546 1233 lenum
575 1195 601 1233 b
618 1202 635 1234 1
670 1208 742 1245 pro
769 1190 990 1250 telephum).
1054 1195 1183 1242 Quam
1209 1198 1299 1235 arta
1331 1197 1384 1236 sit
1415 1197 1522 1236 inter
1547 1197 1571 1236 b
1604 1199 1645 1236 et
1670 1194 1760 1237 Rn'

173 1253 380 1306 cognatio,
424 1267 516 1293 cum
553 1267 600 1294 ex
642 1255 855 1305 permultis
899 1255 1014 1308 locis,
1059 1258 1150 1295 tum
1189 1269 1237 1296 ex
1274 1257 1389 1307 epist.
1417 1257 1458 1295 II
1486 1259 1529 1309 2,
1559 1259 1612 1296 27
1648 1258 1758 1297 colli-

176 1327 270 1365 gere
301 1314 416 1353 licet:
447 1314 512 1353 hic
543 1315 650 1353 enim
680 1315 724 1354 in
752 1311 873 1354 Rn'b
904 1327 1025 1355 uoces
1056 1317 1151 1355 dum
1181 1319 1298 1355 noctu
1329 1317 1588 1357 omittuntur.
1641 1317 1759 1358 Solus

174 1374 198 1412 b
231 1373 414 1413 seruauit
445 1373 664 1414 notabilem
703 1375 945 1426 scripturam
976 1377 1163 1425 opstrepit
1193 1376 1306 1427 epod.
1337 1378 1372 1429 2,
1403 1378 1470 1428 27,
1508 1390 1632 1428 quam
1671 1378 1759 1429 qui-

173 1434 265 1473 dem
295 1434 339 1472 in
371 1434 588 1485 archetypo
626 1435 739 1474 tertii
777 1435 928 1474 ordinis
959 1435 1157 1475 intactam
1187 1436 1313 1476 fuisse
1345 1437 1610 1487 suspicamur.
1661 1450 1691 1477 s.
1716 1438 1759 1477 II

175 1495 212 1545 3,
243 1495 326 1533 108
360 1494 499 1534 eodem
530 1494 632 1534 libro
664 1495 689 1533 b
722 1495 872 1545 optime
905 1496 1132 1548 edocemur,
1171 1496 1511 1547 quemadmodum
1543 1511 1590 1537 ex
1622 1498 1757 1537 arche-

172 1553 262 1604 typi
293 1554 465 1593 lectione
496 1554 764 1605 plurimorum
789 1555 902 1594 tertii
928 1555 1079 1596 ordinis
1105 1557 1287 1596 codicum
1313 1559 1449 1596 ortum
1475 1557 1529 1597 sit
1554 1558 1755 1598 mendum.

174 1613 346 1666 Legitur
376 1614 483 1654 enim
513 1613 556 1653 in
588 1615 806 1666 archetypo
838 1617 924 1654 istis

510 1674 553 1712 in
583 1674 608 1712 b
833 1676 901 1715 isti

509 1734 551 1772 in
584 1729 694 1773 Fi'v
701 1735 728 1787 β
836 1736 915 1774 iste.

954 1856 976 1902 ζ

292 1926 405 1965 Inter
435 1911 458 1964 I
487 1927 528 1965 et
556 1911 622 1964 III
654 1926 832 1966 ordinem
863 1928 1037 1967 fluctuat
1068 1911 1494 1980 etiam'fragmentum
1527 1930 1621 1977 ζτ-
1642 1930 1755 1968 Pari-

170 1997 282 2037 sinus
313 1997 403 2037 Lat.
435 1997 654 2037 membran.
685 2000 825 2038 10401
868 2013 968 2039 saec.
995 1999 1104 2038 XIII.
1169 1999 1360 2040 Continet
1397 2013 1490 2040 cum
1528 2002 1610 2040 alia
1646 2002 1755 2053 frag-

169 2059 308 2096 menta
340 2052 427 2111 (fol.
459 2052 674 2111 13—34V)
709 2072 756 2097 ex
786 2059 913 2098 uariis
943 2060 1146 2099 codicibus
1171 2059 1420 2112 Horatianis,
1452 2062 1543 2099 tum
1576 2058 1661 2113 (fol.
1685 2062 1757 2101 35r

171 2112 328 2172 —43V)
361 2130 389 2156 s.
417 2117 437 2155 I
465 2119 502 2169 8,
531 2118 702 2156 48--II
729 2119 766 2171 3,
795 2121 892 2158 317.
956 2120 1003 2158 In
1043 2120 1214 2172 singulis
1253 2120 1413 2172 paginis
1449 2123 1544 2160 sunt
1577 2123 1634 2161 40
1665 2135 1754 2161 uer-

169 2189 247 2216 sus.
312 2176 419 2216 Olim
451 2179 538 2216 erat
569 2178 611 2216 in
643 2178 885 2218 bibliotheca
909 2180 1138 2232 Nicotiana,
1173 2181 1357 2232 signatus
1389 2195 1447 2221 nr.
1476 2182 1543 2221 80.
1600 2182 1752 2221 Multas

167 2237 291 2276 huius
322 2237 542 2290 fragmenti
574 2238 765 2278 lectiones
797 2240 1032 2280 notauimus
1063 2240 1105 2279 in
1137 2240 1397 2292 discriptione
1430 2241 1632 2281 classium.

285 2441 398 2480 Sicut
423 2442 589 2489 RLrag
616 2442 722 2482 inter
752 2372 997 2493 primamsset
1028 2444 1193 2483 tertiam
1225 2445 1393 2484 classem
1418 2445 1594 2484 fluctuat
1625 2446 1745 2486 etiam

164 2501 286 2540 codex
323 2497 378 2552 β”
416 2502 521 2541 idest
558 2502 681 2541 codex
719 2503 962 2554 archetypus
1002 2503 1198 2543 librorum
1234 2505 1336 2557 ssfh,
1379 2506 1601 2545 uetustatis
1640 2507 1750 2545 haud

166 2585 260 2611 sane
293 2574 537 2623 spernendae
571 2567 691 2627 (saec.
713 2560 804 2629 ff).

282 2633 338 2671 Et
373 2633 527 2683 primae
565 2634 729 2684 quidem
760 2635 898 2674 classis
936 2636 1120 2686 proprias
1152 2636 1343 2676 lectiones
1382 2649 1474 2675 cum
1512 2637 1621 2687 alibi,
1661 2639 1748 2676 tum

163 2691 270 2733 hisce
309 2693 468 2732 exhibet
506 2706 626 2732 carm.
666 2696 706 2733 et
744 2695 857 2745 epod.
890 2696 1006 2734 locis:
1046 2708 1076 2734 c.
1105 2696 1144 2733 II
1171 2697 1214 2747 3,
1245 2698 1295 2734 11
1332 2708 1416 2744 quo.
1467 2709 1498 2735 c.
1525 2697 1567 2734 H
1596 2698 1662 2748 13,
1690 2698 1745 2736 38

165 2751 351 2790 laborum.
403 2765 434 2791 c.
460 2753 523 2791 ΠΙ
552 2755 593 2804 1,
622 2755 676 2792 43
693 2766 748 2805 sq.
781 2755 962 2802 faleratae
998 2756 1107 2794 uites.
1159 2768 1190 2793 c.
1217 2754 1279 2793 111
1307 2756 1351 2806 5,
1379 2756 1433 2794 43
1468 2768 1494 2794 a
1524 2768 1575 2795 se.
1626 2770 1657 2796 c.
1684 2757 1747 2796 III

166 2812 232 2862 10,
257 2812 309 2849 18
337 2813 478 2851 animo.
530 2826 559 2852 c.
586 2813 649 2851 III
677 2815 743 2866 21,
768 2816 819 2853 19
847 2826 926 2853 nec.
978 2826 1008 2852 c.
1036 2814 1098 2852 III
1126 2815 1192 2866 27,
1215 2815 1269 2853 48
1298 2816 1415 2854 tauri.
1465 2827 1496 2854 c.
1523 2815 1607 2853 ΠΙΙ
1635 2818 1741 2868 9,19

161 2883 240 2909 nec.
291 2883 322 2910 c.
349 2871 433 2909 IIII
460 2874 496 2923 9,
526 2873 581 2911 20
613 2885 672 2911 ue.
722 2887 753 2914 c.
780 2873 864 2912 IIII
893 2875 965 2925 14,
995 2875 1048 2912 28
1079 2875 1299 2914 meditatur.
1351 2874 1465 2925 epod.
1495 2876 1561 2927 14,
1591 2877 1643 2915 15
1676 2888 1742 2916 ne-

161 2942 243 2980 que.
301 2931 413 2982 epod.
444 2933 510 2983 17,
540 2933 592 2970 17
627 2935 718 2971 tum.
776 2934 887 2984 epod.
920 2935 985 2985 17,
1013 2934 1070 2973 40
1107 2936 1253 2974 sonari.
1310 2947 1341 2975 c.
1368 2947 1397 2974 s.
1426 2935 1481 2974 23
1514 2937 1740 2986 tociensque.
