2008 3230
826 108 1115 146 PRAEFATIO.
1313 141 1315 143 ,
1649 113 1766 148 LXXI

179 223 392 264 Librorum
424 224 520 264 ordo
551 224 615 264 hic
646 225 724 263 est:
756 235 890 275 carm,
922 236 956 262 a.
992 237 1043 275 p.,
1076 223 1203 275 epod,
1236 236 1268 264 c.
1299 237 1340 276 s.,
1373 225 1502 277 epist.,
1534 237 1667 278 serm,
1700 238 1767 265 sex

180 283 317 324 ultimi
349 296 577 324 sermonum
607 296 749 324 uersus
781 283 938 323 desunt.

966 416 988 454 f

301 500 436 540 Codici
455 502 481 554 β
512 501 691 551 proxime
717 501 915 552 cognatus
940 501 1002 539 est
1027 499 1129 538 liber
1152 500 1317 539 membr.
1345 500 1366 538 f
1377 517 1433 531 =
1448 501 1766 553 Franekeranus,

178 573 285 601 nune
315 560 643 600 Leeuwardensis
675 561 751 611 45,
791 560 887 600 olim
919 559 1180 611 GenauensiS,
1212 560 1368 609 pridem
1402 560 1766 613 cluniacensis,

180 645 279 673 saec.
313 633 372 671 XI
406 633 475 671 uel
506 632 601 684 XII,
639 632 830 672 foliorum
865 633 968 684 112,
1009 633 1064 670 32
1095 631 1164 670 1131
1197 631 1252 670 35
1285 644 1480 671 uersuum
1511 633 1554 671 in
1593 633 1764 684 singulis

178 692 350 744 paginis,
382 693 510 744 0,375
527 693 727 744 ><Ο,238
742 706 793 732 111.
832 691 1006 731 Exhibet
1031 690 1387 742 interpretationes
1413 692 1593 733 331101.Γ.
1634 692 1728 732 Cod.
1748 694 1769 731 f

182 753 368 792 Geneuae
411 746 553 806 (Gens)
595 753 755 803 emptus
797 753 858 791 est
895 752 957 790 ΙΠ
994 751 1052 790 Id.
1083 751 1333 790 Nouembres
1368 753 1482 790 1628
1527 765 1552 791 a
1589 753 1765 792 Roberto

180 812 481 864 Koenigsmann
520 834 575 838 —
609 813 665 852 sic
702 812 854 864 legitur
891 812 960 852 fol.
989 813 1042 850 1³.
1110 811 1202 850 Huc
1241 812 1379 851 autem
1417 825 1488 862 per
1523 813 1765 864 Hugenotos

182 873 482 923 transportatus
523 874 627 924 erat,
672 872 743 923 qui
779 873 1002 923 permultos
1033 871 1156 910 libros
1194 884 1319 910 manu
1364 872 1535 922 scriptos
1568 871 1763 913 Cluniaco

182 926 383 986 (Clugny)
411 945 546 971 secum
572 934 803 984 auexerant,
834 932 916 971 uid.
942 945 1098 983 voyage
1129 931 1328 971 litteraire
1356 932 1403 971 de
1436 932 1540 971 deux
1565 932 1764 984 religieux

178 991 435 1031 Benedictins
480 992 527 1031 de
570 993 611 1031 13
652 992 950 1044 Congregation
995 992 1042 1031 de
1085 991 1201 1030 Saint
1240 991 1374 1043 Maur,
1420 992 1532 1031 Paris
1573 994 1700 1045 1717,
1744 993 1764 1031 I

177 1065 215 1102 p.
245 1052 329 1089 227
345 1063 420 1101 sq.:
453 1048 586 1091 ‘Dans
618 1053 658 1090 la
690 1053 940 1100 bibliotheque
969 1051 1034 1099 (de
1061 1050 1209 1101 C'limy)
1236 1063 1287 1090 on
1311 1053 1390 1090 voit
1415 1064 1549 1091 encore
1572 1065 1629 1092 un
1655 1065 1764 1093 assez

181 1111 256 1149 bon
285 1111 444 1149 nombre
469 1112 516 1150 de
539 1113 790 1157 manuscrits,
824 1112 949 1151 beauce
975 1115 1010 1150 et
1034 1113 1204 1156 anciens,
1237 1112 1340 1150 mais
1359 1113 1427 1160 qui
1445 1124 1494 1151 ne
1511 1113 1598 1161 font
1621 1114 1764 1161 qu’une

180 1171 268 1209 bien
291 1171 410 1219 petite
433 1172 567 1220 partic
599 1172 645 1210 de
677 1183 771 1210 ceum
802 1173 869 1220 qui
897 1184 924 1221 y
956 1171 1093 1210 e'toient
1125 1171 1326 1219 autrefois,
1365 1172 1459 1210 dont
1489 1184 1540 1210 on
1573 1185 1598 1211 a
1631 1185 1765 1212 encore

178 1231 213 1269 le
244 1231 443 1280 cataloyue
469 1232 561 1270 ecrit
583 1232 614 1270 il
636 1244 663 1281 y
688 1243 713 1270 a
739 1233 826 1280 cinq
857 1243 908 1270 ou
938 1233 1000 1270 six
1032 1243 1121 1270 cens
1146 1242 1232 1275 ans,
1264 1243 1336 1269 sur
1361 1232 1408 1270 de
1429 1233 1604 1280 yrandes
1631 1234 1762 1272 tablet-

179 1293 245 1336 tes,
277 1291 394 1339 qu’on
423 1291 545 1339 ferme
576 1303 719 1330 comme
748 1303 804 1330 usn
836 1292 943 1330 livre.
1007 1290 1069 1329 On
1099 1292 1156 1329 dit
1181 1302 1254 1339 quc
1279 1292 1333 1330 les
1357 1291 1592 1340 Huquenots
1617 1293 1671 1331 les
1696 1296 1765 1332 ont

178 1353 366 1399 emportez
402 1352 429 1389 a
462 1350 631 1395 aeneia,
672 1354 706 1389 et
743 1363 815 1399 que
852 1352 941 1390 c’est
977 1363 1017 1389 ce
1053 1352 1120 1399 qui
1158 1351 1321 1390 enrichit
1350 1351 1603 1400 aujourd'hui
1634 1353 1675 1391 la
1707 1353 1761 1392 bi-

177 1411 387 1459 bliotheque
411 1411 601 1459 publique
631 1411 678 1449 de
703 1411 792 1450 celle
816 1407 932 1451 ville?
995 1410 1180 1450 Cluniaci
1212 1412 1351 1450 autem
1376 1412 1602 1462 complures
1633 1411 1762 1452 Hora-

177 1469 310 1509 tianos
343 1470 497 1510 codices
533 1470 632 1509 33113
664 1472 849 1510 uetustos
887 1470 1068 1510 extitisse
1106 1470 1253 1510 scimus
1293 1483 1340 1509 ex
1378 1471 1565 1523 catalogo
1599 1471 1761 1511 Clunia-

177 1530 286 1570 censi
316 1530 423 1569 inter
461 1542 494 1569 a.
525 1530 638 1569 1158
678 1532 719 1569 31
760 1531 871 1569 1161
914 1530 1081 1582 scripto,
1119 1530 1190 1569 ubi
1230 1525 1291 1585 (in
1330 1531 1414 1570 cod.
1446 1531 1572 1571 Paris.
1603 1534 1760 1584 13071,

176 1589 270 1629 uide
309 1590 477 1642 Delisle,
519 1590 679 1629 cabinet
709 1590 752 1628 H
787 1604 825 1641 p.
853 1591 951 1630 479.
979 1584 1086 1644 480)
1124 1590 1292 1641 legitur:
1332 1586 1408 1630 ‘nr.
1437 1593 1541 1631 532:
1577 1593 1761 1632 uolumen

178 1651 221 1689 in
252 1662 326 1698 quo
358 1651 573 1689 continetur
603 1650 799 1689 Horatius
830 1646 944 1689 totus'
978 1652 1019 1689 et
1051 1646 1126 1689 ‘nr.
1154 1653 1257 1689 546:
1287 1651 1470 1691 uolumen
1500 1653 1546 1691 in
1573 1664 1648 1701 quo
1672 1665 1759 1692 con-

175 1710 320 1749 tinetur
349 1709 546 1749 Horatius
578 1705 706 1748 totus.'

294 1769 425 1820 Atqui
456 1769 538 1809 cod.
572 1770 593 1807 f
619 1783 762 1809 reuera
800 1770 981 1810 continet
1017 1772 1151 1809 totum
1182 1770 1418 1810 Horatium:
1456 1783 1594 1823 carm,
1632 1773 1759 1824 epod,

176 1841 296 1869 carm.
329 1842 449 1882 saec.,
487 1842 522 1868 a.
554 1844 610 1881 p.,
649 1842 776 1882 serm,
815 1830 929 1881 epist.
991 1830 1124 1869 Notae
1161 1829 1339 1869 musicae
1378 1831 1640 1881 reperiuntur
1675 1845 1707 1871 c.
1739 1833 1759 1871 I

177 1890 245 1941 33,
274 1890 388 1928 1—-4
421 1892 463 1929 et
494 1890 606 1940 epod.
636 1891 674 1941 2,
702 1891 740 1929 2.
769 1891 804 1929 3.
867 1890 972 1929 Item
1004 1889 1055 1929 ad
1087 1902 1117 1928 3.
1150 1889 1171 1928 Ι
1205 1890 1259 1928 33
1293 1890 1518 1941 adscriptas
1549 1893 1668 1931 notas
1698 1892 1757 1931 in-

173 1949 361 1989 uenimus
398 1949 441 1988 in
481 1949 616 1989 codice
655 1949 879 1990 Horatiano
917 1949 1101 1989 Parisino
1143 1951 1255 1990 7979
1285 1967 1341 1981 =
1369 1949 1600 1991 Colbertino
1642 1953 1756 1991 1723

174 2039 230 2053 --
257 2021 384 2073 Regio
413 2022 526 2061 5079
561 2034 662 2061 3333.
688 2022 805 2073 XIH3
837 2021 986 2061 ibidem
1018 2023 1115 2060 sunt
1142 2023 1263 2061 notae
1289 2022 1468 2061 musicae
1495 2022 1680 2074 adpictae
1707 2023 1758 2062 ad

174 2094 205 2122 3.
232 2082 252 2120 Ι
282 2084 316 2121 1.
345 2083 382 2120 3.
412 2082 448 2120 5.
479 2082 544 2120 15.
576 2082 641 2121 25.
673 2082 736 2120 ΙΠ
764 2085 802 2122 9.
830 2083 896 2122 12.
927 2082 993 2122 13.

292 2142 404 2180 Libri
424 2142 449 2191 β
458 2142 484 2191 f,
517 2142 656 2192 itaque
677 2142 801 2180 etiam
821 2141 941 2181 codex
966 2141 1210 2193 originarius
1230 2137 1285 2194 β’,
1317 2155 1444 2192 paene
1470 2142 1572 2181 nihil
1598 2143 1756 2183 faciunt

173 2201 224 2240 ad
255 2215 340 2241 rem
371 2201 563 2253 criticam,
594 2201 672 2240 nisi
704 2215 796 2240 cum
828 2201 919 2240 aliis
944 2201 1075 2252 iisque
1100 2201 1334 2241 melioribus
1360 2202 1564 2242 codicibus
1591 2216 1755 2243 consen-

172 2261 292 2301 tiunt.
354 2261 513 2300 Pariter
549 2261 599 2299 ab
638 2261 846 2312 archetypi
886 2261 1086 2312 scriptura
1124 2263 1247 2312 atque
1286 2274 1310 2300 a
1347 2275 1446 2301 uera
1477 2263 1625 2302 Horati
1663 2277 1754 2303 con-

173 2321 385 2360 suetudine
418 2320 604 2360 abhorret
630 2321 830 2372 scriptura
855 2323 989 2370 inpiae
1019 2334 1051 2360 c.
1076 2322 1097 2360 I
1124 2323 1162 2371 3,
1191 2322 1245 2360 23
1279 2316 1356 2376 (β).
1406 2324 1604 2371 inperium
1634 2336 1665 2364 3.
1691 2324 1754 2362 IH

175 2382 212 2432 1,
240 2375 375 2434 6.(β).
431 2382 614 2430 conparis
651 2394 682 2420 c.
715 2381 757 2419 H
791 2382 833 2433 5,
864 2382 887 2419 2
921 2376 997 2435 (β).
1052 2382 1219 2430 impeius
1256 2381 1372 2432 epist.
1404 2381 1446 2420 H
1480 2384 1522 2434 1,
1550 2383 1635 2422 265
1676 2378 1754 2436 (β).

172 2440 275 2480 Item
300 2441 342 2479 in
375 2440 509 2480 codice
541 2441 562 2478 f
582 2441 820 2491 prauissime
847 2441 1036 2480 scribitur
1067 2453 1275 2490 apposcere
1301 2455 1374 2492 pro
1402 2442 1612 2491 adposcere
1637 2443 1751 2494 epist.

166 2500 212 2554 >II
235 2502 271 2553 2,
294 2502 391 2540 100.
442 2502 642 2549 acquirere
666 2514 739 2551 pro
766 2502 974 2550 adquirere
1006 2514 1041 2540 a.
1060 2515 1098 2551 p.
1121 2502 1188 2541 55.
1238 2501 1515 2541 Falsissimam
1539 2502 1753 2542 lectionem

171 2573 341 2611 eamque
379 2560 625 2611 singularem
664 2561 825 2600 exhibet
855 2556 897 2614 β’
931 2574 959 2600 s.
986 2561 1027 2599 II
1054 2562 1097 2612 8,
1125 2562 1200 2601 43:
1238 2561 1350 2600 heros
1386 2574 1459 2612 pro
1499 2573 1599 2601 erus.
1661 2562 1751 2601 Vno

171 2620 258 2659 1030
291 2616 335 2672 β’
355 2633 447 2659 311111
477 2620 540 2659 R1
573 2633 714 2660 ueram
746 2621 954 2672 archetypi
987 2621 1227 2671 scripturam
1260 2622 1462 2672 seruauit,
1502 2621 1618 2671 epist.
1645 2620 1686 2659 II
1715 2623 1751 2673 1,

175 2680 278 2732 2471
309 2681 507 2729 ueryilius.
572 2680 703 2719 Semel
735 2681 760 2732 β
792 2682 833 2720 31
863 2695 891 2719 11
924 2680 999 2720 3011
1029 2693 1170 2719 11313111
1201 2680 1395 2731 praebent
1426 2680 1640 2719 lectionem
1669 2681 1750 2720 Ho-

171 2739 385 2790 ratianam,
417 2752 445 2777 s.
473 2740 514 2777 ΙΙ
542 2741 579 2792 1,
607 2741 660 2778 31
696 2743 862 2779 cesserat
888 2753 960 2790 pro
983 2742 1167 2789 yesserat.
1231 2739 1380 2779 Contra
1412 2752 1441 2778 s.
1468 2740 1488 2777 I
1516 2741 1553 2791 2,
1577 2741 1629 2778 18
1662 2754 1750 2791 per-

171 2811 309 2848 peram
342 2798 529 2837 exhibent
559 2800 585 2851 β
593 2795 657 2838 'u'
688 2802 732 2838 in
762 2812 803 2839 se
840 2813 911 2850 pro
943 2795 1042 2848 ipse.
1105 2799 1126 2837 f
1152 2812 1247 2838 uere
1279 2799 1547 2838 Horatianam
1578 2799 1750 2840 formam

172 2859 350 2906 aequalis
387 2859 560 2897 testatur
591 2872 622 2899 c.
648 2860 668 2898 I
695 2861 733 2905 8,
761 2861 797 2899 6.
861 2859 972 2898 Idem
1003 2859 1024 2897 f
1058 2859 1167 2898 solus
1203 2859 1268 2898 hic
1304 2858 1390 2898 11113
1427 2859 1627 2899 consentit
1657 2873 1750 2900 cum

173 2913 219 2957 u'
251 2913 299 2971 (u
335 2917 403 2957 uel
433 2915 498 2968 v):
537 2931 566 2958 3.
592 2919 633 2957 II
661 2920 704 2971 5,
734 2922 783 2958 11
819 2921 998 2968 prirnwm
1033 2932 1106 2969 pro
1137 2920 1304 2968 priuwm
1343 2913 1442 2973 (fv).
1498 2932 1528 2959 s.
1553 2919 1595 2958 H
1622 2922 1664 2973 2,
1692 2922 1745 2960 41
