2002 3224
917 173 969 205 15
1631 168 1718 212 323

427 282 545 324 'sdum
577 285 714 337 pecori
746 283 862 336 lupus
896 288 936 324 et
967 285 1098 324 nautis
1130 283 1300 323 infestus
1327 281 1451 322 Orion

486 356 667 396 turbaret
697 356 910 396 hibernum
941 368 1050 396 mare

426 429 686 481 intonsosque
719 429 886 480 agitaret
916 428 1109 480 Apollinis
1142 441 1237 468 aura
1270 427 1446 481 capillos,

487 500 570 539 fore
602 500 708 540 hunc
739 512 915 539 amorem
947 504 1142 541 mutuum.
1675 507 1718 538 10

427 585 449 611 o
482 571 653 612 dolitura
683 584 772 611 mea
803 571 972 611 multum
1004 573 1154 611 uirtute
1188 571 1362 611 Neaera:

487 657 579 683 nam
611 643 745 696 siquid
776 645 816 683 in
843 642 983 683 Flacco
1016 644 1096 683 uiri
1128 648 1206 697 est,

424 729 504 755 non
535 716 638 756 feret
669 715 856 755 adsiduas
888 716 1036 767 potiori
1067 720 1106 755 te
1140 715 1235 755 dare
1267 720 1406 755 noctes

486 792 525 827 et
557 792 722 840 quaeret
755 789 881 827 iratus
914 800 1070 841 parem,

424 872 499 899 nec
531 859 655 900 semel
686 860 832 900 offensi
861 859 976 899 cedet
1007 861 1228 900 constantia
1249 860 1424 913 formae,
1676 866 1718 897 15

486 933 521 971 si
553 936 686 972 certus
718 933 877 971 intrarit
908 931 1031 971 dolor.

425 1008 465 1043 et
492 1008 544 1057 tu,
571 1005 812 1056 quicumque
837 1016 880 1043 es
907 1003 1062 1043 felicior
1088 1008 1205 1055 atque
1232 1016 1320 1043 meo
1348 1015 1454 1043 nunc

486 1074 684 1127 superbus
717 1075 871 1115 incedis
904 1074 1027 1129 malo,

425 1147 480 1185 sis
511 1159 657 1199 pecore
689 1152 729 1186 et
760 1146 883 1187 multa
915 1147 1030 1187 diues
1063 1146 1206 1187 tellure
1240 1146 1394 1201 licebit,

484 1217 638 1271 tibique
670 1218 854 1258 Pactolus
886 1219 1001 1272 fluat,
1670 1226 1717 1257 20

425 1303 499 1330 nec
530 1295 569 1330 te
601 1290 845 1343 Pythagorae
878 1290 1015 1331 fallant
1047 1303 1189 1331 arcana
1222 1292 1370 1341 renati,

261 1436 281 1472 7
297 1447 378 1481 sqq.
406 1435 449 1472 S:
477 1434 558 1471 Tib.
586 1435 602 1470 I
627 1439 661 1481 4,
682 1437 727 1470 65
742 1446 816 1480 sq.:
850 1434 939 1470 dum
964 1435 1101 1471 robora
1125 1434 1252 1480 hellus,
1287 1434 1377 1470 dum
1403 1434 1551 1470 caelum
1578 1433 1722 1480 skellas,

139 1483 228 1520 dum
266 1483 382 1519 uehefi
420 1482 541 1518 amnis
574 1494 694 1528 aquas
731 1485 744 1529 ΙΙ
776 1483 886 1528 Verg.
913 1483 1005 1519 Aen.
1032 1484 1050 1518 1
1075 1486 1144 1519 607
1158 1495 1232 1528 sq.:
1276 1482 1316 1518 in
1352 1482 1453 1519 frelza
1489 1483 1580 1518 dum
1617 1482 1725 1517 fluuii

139 1534 305 1576 currens,
338 1532 430 1567 dum
460 1531 652 1566 montibus
684 1533 841 1567 umbrae
872 1531 1091 1567 lustrabunt
1123 1542 1308 1577 connexa,
1339 1531 1449 1577 polus
1476 1530 1566 1566 dum
1599 1529 1726 1566 sidera

137 1582 270 1626 pascet
286 1581 301 1619 ll
319 1579 388 1615 ecl.
410 1583 442 1624 5,
461 1583 504 1615 76
521 1591 601 1624 sqq.
622 1581 637 1626 1}
654 1579 721 1616 On.
742 1579 794 1616 Ib.
818 1582 885 1614 135
902 1591 974 1625 sq:
1006 1579 1144 1615 robora
1177 1579 1268 1614 dum
1298 1581 1446 1615 montes
1468 1609 1476 1616 .
1492 1609 1500 1616 .
1517 1609 1524 1615 .
1546 1579 1637 1614 dum
1663 1578 1724 1614 Ti-

138 1628 238 1664 beris
263 1626 431 1673 liquidas
456 1627 599 1663 Tuscus
632 1627 792 1662 habebit
817 1638 936 1672 aquas
968 1629 980 1673 ss
1014 1627 1081 1664 Ou.
1102 1629 1147 1663 tr.
1171 1627 1203 1663 V
1225 1631 1280 1673 13,
1295 1630 1339 1663 21
1357 1639 1457 1672 sqq.:
1490 1638 1586 1662 cana
1617 1626 1722 1672 prius

139 1675 266 1722 gelido
298 1675 426 1711 desint
457 1675 651 1710 absinthia.
675 1675 796 1711 Ponto
830 1678 869 1711 et
900 1677 1030 1711 careat
1061 1674 1164 1710 dulci
1192 1674 1382 1710 Trinacris
1413 1674 1540 1721 Hybla.
1572 1674 1722 1720 thymo:

138 1723 279 1807 iulg?
283 1734 535 1817 iim&
546 1722 1249 1817 31ffifflaffp{⁰0”3¹{³1²⁰a1fe333¹2³t⁰1³10us
1275 1724 1306 1807 ἕ
1326 1723 1375 1806 ῗῗ
1404 1721 1724 1813 &lais-0313&

139 1820 261 1857 instit.
281 1819 299 1854 I
319 1823 375 1864 10,
391 1823 454 1855 31:
482 1818 638 1864 siquid
660 1819 705 1854 in
724 1819 858 1855 nobis
880 1800 1037 1854 uirilis
1057 1818 1202 1855 roboris
1222 1784 1404 1855 mariiabal:
1452 1818 1504 1854 13
1531 1819 1574 1855 S:
1601 1818 1726 1854 Plaut.

136 1869 231 1903 truc.
246 1871 308 1904 32:
337 1869 414 1903 tres
439 1868 600 1902 nocsses
627 1867 796 1903 dantur
827 1868 839 1913 11
870 1866 1161 1914 Priap.2,1sq.:
1189 1867 1345 1903 obscure
1371 1868 1544 1913 poteram
1569 1865 1642 1902 tibi
1668 1865 1724 1901 di-

139 1927 239 1954 cere:
279 1915 330 1951 da
360 1914 472 1960 mihi,
510 1915 612 1961 quod
642 1916 686 1951 tu
718 1915 796 1951 des
828 1914 920 1950 licei,
957 1915 1168 1961 adsidue,
1206 1914 1262 1951 nil
1298 1916 1429 1950 tamen
1464 1914 1553 1950 inde
1590 1913 1691 1960 perii:
1715 1915 1726 1961 ij

137 1963 304 2009 Properb.
324 1963 360 1998 II
377 1966 433 2009 15,
448 1967 492 1999 37
509 1975 609 2008 sqq:
644 1963 746 2008 quod
770 1962 866 1998 mihi
893 1962 926 1998 si
952 1974 1079 1999 secum
1104 1962 1203 1998 tales
1229 1963 1434 1999 concedere
1466 1964 1624 1999 noctes
1658 1961 1727 1997 illa.

138 2011 234 2047 uelit
253 2041 261 2048 .
277 2040 285 2048 .
304 2041 311 2048 .
332 2010 364 2046 si
385 2010 518 2046 dabit
537 2011 632 2047 haec
651 2011 792 2058 plures,
819 2011 909 2047 fiam
928 2010 1155 2047 immortalis
1175 2010 1215 2046 in
1234 2010 1312 2047 illis
1399 2011 1512 2056 l7sq.
1534 2011 1577 2047 S:
1599 2010 1724 2046 Plaut.

140 2059 213 2095 aul.
231 2063 316 2095 725:
342 2070 442 2094 nunc
468 2058 539 2094 alii
562 2059 820 2095 laetificantur
846 2070 929 2095 meo
955 2059 1056 2095 malo
1147 2059 1196 2095 17
1224 2059 1270 2097 S:
1297 2059 1366 2095 Ou.
1379 2070 1469 2095 rem.
1485 2070 1557 2095 am.
1571 2062 1658 2094 371:
1685 2060 1727 2093 at

140 2109 206 2153 tu,
240 2106 519 2152 quicumque
551 2118 596 2142 es
619 2136 627 2144 .
649 2136 686 2144 ..
791 2107 841 2143 21
869 2108 913 2144 T:
941 2107 1055 2144 schol.
1084 2107 1180 2144 Shat.
1207 2107 1325 2144 Theb.
1344 2107 1397 2143 III
1417 2111 1488 2143 384
1560 2106 1655 2142 haec
1681 2117 1727 2142 ex

261 2253 297 2287 ,Ω
316 2269 361 2282 =
382 2250 1273 2300 A'(Aa)B'(BG)F(q>1p)Ry6‘(ad)x(u)nu]
1375 2252 1393 2287 7
1423 2251 1477 2298 et]
1506 2250 1546 2286 in
1570 2262 1598 2286 u
1641 2254 1727 2297 post

139 2306 250 2352 lupus
276 2307 370 2343 duos
393 2317 522 2342 uersus
547 2306 723 2342 excidisse
743 2309 858 2351 putat
883 2305 1011 2350 Lehrs,
1037 2306 1254 2352 Peerlkamp
1278 2318 1342 2342 ww.
1364 2309 1386 2341 8
1399 2316 1451 2353 sq.
1478 2305 1571 2341 delet
1655 2304 1724 2339 ife-

142 2363 221 2415 gtgg
248 2378 285 2413 B
407 2377 431 2414 8
457 2377 637 2413 Turbarit
661 2389 687 2412 u
718 2377 840 2413 Bentl.
892 2377 1079 2413 Turbareb
1108 2382 1187 2419 cett.
1213 2378 1320 2414 schol.
1348 2378 1400 2424 γὸ
1432 2379 1519 2414 item
1543 2389 1591 2421 π,
1622 2377 1684 2413 sed
1710 2377 1727 2411 t

141 2433 320 2479 „repasse
355 2433 378 2467 ὲ,
406 2432 570 2468 l'encre“
717 2431 740 2466 9
768 2430 926 2478 agitarit
951 2430 1079 2468 δ’πια
1128 2430 1294 2478 agibarei,
1318 2436 1397 2468 cett.
1423 2432 1502 2468 uid.
1530 2431 1677 2477 Epiley.

142 2486 192 2523 11
218 2497 335 2522 neara
359 2487 397 2522 B
434 2497 548 2522 neera
573 2498 634 2522 πα
670 2495 785 2533 neera
810 2484 848 2520 δ’
938 2484 987 2520 12
1013 2484 1149 2521 inflaco
1177 2485 1216 2521 δ’
1291 2485 1365 2521 uiri
1390 2484 1727 2531 A'B'ydez'waiu

143 2547 238 2593 Pph.
264 2547 373 2584 schol.
388 2546 484 2592 Fyb
529 2545 667 2582 uirium
693 2545 830 2581 Fa'a2
875 2544 969 2580 uiriu
985 2558 1014 2580 π
1057 2544 1198 2581 uirium
1223 2546 1262 2582 R
1360 2545 1410 2581 13
1436 2545 1527 2581 feret
1552 2546 1576 2580 ὃ
1659 2543 1725 2579 ad-

141 2600 270 2636 siduas
296 2601 412 2637 ARn
436 2601 530 2646 Pph.
581 2599 754 2636 assiduas
780 2603 859 2635 cett.
984 2597 1034 2635 14
1061 2600 1194 2644 queret
1217 2599 1317 2645 γδά
1367 2598 1519 2644 quaerit
1544 2597 1678 2633 Α’Βπ

142 2654 192 2690 15
219 2653 350 2690 offensi
377 2655 567 2701 Goyavius
590 2655 669 2691 uid.
697 2653 901 2700 Epileyom.
935 2652 1100 2688 offensae
1125 2652 1439 2699 B'FRya'nal
1463 2653 1559 2698 Pph.
1587 2652 1724 2697 Porph.

140 2719 235 2744 cons.
255 2708 362 2744 schol.
380 2708 474 2753 Fyb
518 2707 658 2744 offense
684 2709 748 2744 Αλ
791 2707 888 2756 irate
914 2719 941 2743 u
1040 2706 1174 2742 caedet
1198 2714 1229 2752 ψ
1254 2712 1339 2743 ante
1364 2718 1438 2743 ras.
1469 2707 1483 2742 l
1598 2704 1646 2740 17
1675 2704 1727 2739 Al:

141 2774 168 2797 u
186 2763 234 2808 (et
252 2763 352 2808 μρυ)
399 2762 449 2796 Et,
474 2766 551 2798 cett.
566 2763 660 2807 Pph.
682 2765 714 2808 ()
800 2764 843 2797 tu
869 2763 971 2798 omis.
992 2761 1133 2797 Fa'm
1225 2772 1265 2796 es
1289 2760 1453 2807 felicior]
1482 2759 1664 2795 effelicior
1688 2759 1725 2795 A

189 2816 239 2852 18
265 2815 401 2851 incidis
422 2816 465 2850 ‚B
507 2816 653 2852 incedis
679 2818 703 2851 ὃ
791 2816 842 2852 20
869 2815 1047 2861 Ttibique
1074 2827 1102 2850 π
1173 2814 1346 2861 ΡαρὺοΙοε
1374 2815 1411 2851 R
1521 2813 1569 2850 21
1597 2813 1726 2859 pitha-

143 2911 257 2948 gorae
286 2900 326 2936 F
333 2911 390 2936 au
438 2899 630 2946 pithagori
657 2900 670 2936 l
719 2866 893 2946 pltlssgore
919 2901 944 2937 d
992 2899 1230 2946 pythagorae
1255 2902 1334 2935 cett.
1450 2897 1591 2934 fallunt
1616 2898 1724 2935 schol.

143 2955 256 2992 Statii
355 2953 519 2989 archana
544 2954 704 3000 ye'nlu
730 2954 798 2991 Ac.

1364 3014 1437 3048 21*
