2002 3224
280 161 367 203 300
856 161 1043 197 HORATI
1067 161 1266 197 EPODON

565 286 645 313 uon
677 275 855 327 usitatis,
886 273 1003 326 Vare,
1035 272 1283 325 potionibus,

626 358 648 384 o
679 345 802 385 multa
834 345 1021 384 sseturum
1053 348 1188 397 caput,

565 417 612 456 ad
646 429 708 455 me
741 428 942 468 recurres,
974 427 1048 454 nec
1081 419 1219 454 uocata
1252 426 1364 454 mens
1396 418 1460 453 tua
1807 421 1851 456 '15

626 487 767 527 Marsis
799 486 946 527 redibit
977 486 1155 527 uocibus.

564 560 692 598 maius
723 558 889 612 parabO,
920 559 1048 598 maius
1080 557 1285 598 infundam
1317 557 1391 597 tibi

624 630 842 670 fastidienti
873 630 1082 683 poculum,

563 704 754 754 priusque
788 701 939 743 caelum
973 702 1075 741 sidet
1107 702 1274 741 inferius
1307 702 1407 741 mari

625 773 766 813 tellure
799 777 981 825 porrecta
1014 785 1152 826 super,
1808 779 1855 812 80

566 858 683 898 quam
716 857 796 884 non
826 857 960 884 amore
993 845 1050 883 sic
1082 856 1171 883 meo
1203 844 1346 895 flagres
1379 845 1438 883 uti

627 917 806 956 bitumen
839 917 936 956 atris
971 913 1159 968 ignibus.'

567 987 639 1028 sub
673 988 769 1027 haec
800 1000 901 1040 puer
932 989 1009 1027 iam
1042 999 1140 1041 non,
1173 992 1216 1027 ut
1247 991 1355 1041 ante,
1387 986 1573 1026 mollibus

627 1060 752 1099 lenire
786 1059 921 1099 uerbis
955 1060 1115 1112 impias,

567 1131 635 1171 sed
669 1131 827 1184 dubius,
858 1130 963 1170 unde
996 1135 1200 1182 rumperet
1231 1129 1453 1182 silentium,
1808 1137 1854 1170 85

627 1204 737 1242 misit
767 1202 983 1254 Thyesteas
1014 1214 1174 1254 preces:

565 1272 743 1314 ‘uenena
775 1286 961 1325 magnum
994 1274 1051 1312 fas
1084 1273 1273 1325 nefasque
1306 1285 1385 1312 non
1418 1272 1552 1312 ualent

402 1414 450 1450 73
470 1414 627 1450 cf.Plot.
648 1425 683 1458 p.
700 1415 786 1449 523:
812 1423 899 1447 non
925 1411 1129 1447 usitatas
1155 1411 1315 1446 inferam
1340 1410 1598 1457 positiones
1673 1411 1717 1448 Sz
1741 1411 1853 1449 Prud.

280 1462 378 1498 cath.
395 1462 464 1497 VII
490 1465 552 1498 56:
578 1472 665 1496 non
690 1459 886 1495 usitatis
913 1461 1016 1495 ortus
1041 1459 1103 1495 hic
1127 1458 1350 1494 natalibus
1440 1457 1487 1494 74
1514 1459 1557 1495 S:
1582 1458 1681 1496 Plut.
1708 1460 1853 1505 quaest.

282 1522 387 1546 conu.
403 1513 425 1545 3
444 1522 480 1555 p.
496 1512 564 1545 647
574 1525 582 1546 z
609 1512 794 1555 μαρτυρεῖ
807 1505 847 1542 δ’
867 1506 1029 1548 Ἀλκαῖος
1047 1506 1208 1544 κελεύων
1222 1504 1404 1552 καταχέαι
1422 1506 1464 1542 τὸ
1484 1506 1601 1553 μύρον
1622 1507 1738 1543 αὐτοῦ
1758 1506 1856 1543 κατὰ

279 1563 345 1599 τᾶς
364 1556 482 1593 πολλὰ
502 1559 694 1597 παθοίσας
714 1555 881 1601 κεφάλας
970 1555 1017 1591 76
1039 1555 1081 1592 S:
1101 1554 1217 1590 Lucil.
1240 1557 1308 1590 512
1322 1554 1361 1590 L.
1380 1555 1393 1600 ss
1413 1553 1480 1590 Ou.
1500 1554 1597 1592 med.
1617 1553 1759 1591 formae
1779 1557 1824 1590 39
1842 1554 1857 1604 ΙΙ

281 1605 346 1643 Sil.
360 1605 448 1641 VIII
467 1608 535 1640 495
552 1616 605 1649 sq.
626 1605 638 1650 ΙΙ
658 1603 853 1640 Ge11.XV1
875 1607 930 1649 11,
946 1608 965 1637 2
986 1605 997 1645 ΙΙ
1017 1605 1056 1638 et
1080 1602 1155 1638 uid.
1177 1602 1304 1638 adnot.
1332 1601 1381 1637 ad
1401 1601 1508 1647 epod.
1525 1605 1580 1648 17,
1590 1605 1635 1637 29
1712 1602 1760 1638 79
1773 1613 1854 1647 sqq.

280 1654 406 1688 adnot.
444 1652 493 1687 ad
525 1664 556 1689 c,
581 1652 598 1686 I
623 1655 680 1697 33,
696 1655 715 1686 7
732 1663 811 1696 sqq.
958 1650 1007 1686 82
1035 1651 1077 1687 S:
1104 1650 1214 1695 Verg.
1235 1650 1327 1685 Aen.
1347 1649 1418 1684 IIII
1437 1652 1524 1686 384:
1563 1660 1699 1696 sequar
1736 1650 1854 1686 atris

278 1700 472 1747 ignibus
498 1700 634 1735 absens
653 1701 666 1745 ΙΙ
686 1699 752 1735 Ou.
773 1699 860 1734 fast.
878 1699 912 1734 II
932 1702 998 1734 561
1010 1710 1071 1743 sq:
1098 1698 1216 1734 conde
1242 1699 1338 1743 tuas,
1363 1697 1589 1743 Hymenaee,
1615 1697 1717 1733 faces
1741 1698 1782 1734 et
1805 1697 1854 1734 ab

279 1748 466 1795 ignibus
505 1747 620 1783 atris
659 1746 764 1782 aufer
794 1748 806 1792 ΙΙ
845 1746 909 1782 Sil.
930 1746 1015 1781 XIII
1035 1750 1122 1782 447:
1165 1746 1252 1780 ante
1293 1747 1418 1780 atros
1457 1744 1649 1790 absumpti
1686 1744 1853 1791 corporis

278 1796 410 1841 ignes
429 1797 442 1842 11
461 1795 565 1830 XVII
584 1798 669 1831 180:
697 1794 884 1840 ignibus
912 1793 1027 1828 atris
1055 1795 1067 1839 ΙΙ
1099 1792 1291 1829 Claudian.
1313 1792 1364 1827 VI
1389 1803 1488 1827 cons,
1508 1792 1648 1828 Honor.
1662 1794 1751 1827 325:
1777 1791 1854 1828 sul-

278 1843 398 1889 phure
437 1843 607 1879 caeruleo
645 1841 871 1886 nigroque
908 1840 1134 1876 bitumine
1171 1839 1318 1875 fumat
1438 1838 1487 1874 83
1503 1851 1557 1883 sq.
1585 1839 1628 1876 S:
1653 1839 1762 1876 Hom.
1783 1838 1851 1875 od.

280 1891 418 1926 XXIIII
437 1895 524 1926 392:
550 1891 743 1936 μειλιχίοις
769 1886 914 1924 ἐπέεσσι
939 1887 1230 1934 καθαπτόμενος
1255 1888 1294 1922 et
1312 1887 1329 1921 I
1350 1889 1394 1922 56
1410 1898 1482 1931 sq.:
1508 1888 1708 1932 μαλακοῖσι
1722 1915 1730 1923 .
1745 1914 1754 1923 .
1769 1915 1778 1924 .
1793 1884 1853 1922 λό-

279 1951 377 1984 γοισι
402 1937 531 1984 θέλγει
646 1937 696 1973 85
723 1937 766 1973 S:
792 1936 897 1972 Lucr.
923 1935 994 1970 IIII
1019 1939 1107 1971 581:
1135 1933 1328 1969 silentia
1354 1932 1500 1979 rumpi
1536 1937 1548 1977 ΙΙ
1586 1933 1746 1979 Oppian.
1771 1938 1854 1980 eyn.

281 1987 297 2020 I
322 1990 409 2022 226:
437 1987 549 2026 ἵππος
574 1984 615 2020 ἐν
640 1985 775 2031 ὑσμίνῃ
802 1981 936 2030 ῤ’ῆξέν
962 1995 1052 2018 ποτε
1079 1981 1196 2036 δεσμὰ
1222 1987 1395 2026 σιωπῆς
1499 1981 1550 2017 86
1574 1981 1661 2017 fort.
1685 1980 1854 2027 respexit

281 2033 456 2078 Thyestis
488 2031 743 2067 execrationes
777 2031 878 2076 apud
903 2030 1065 2066 Ennium
1097 2029 1187 2076 (Clo.
1207 2029 1314 2065 Tusc.
1334 2029 1351 2063 I
1371 2033 1427 2074 44,
1444 2030 1528 2072 107)
1661 2028 1710 2065 87
1727 2040 1781 2074 sq.
1809 2028 1853 2066 S:

282 2081 413 2116 Boeth.
427 2079 520 2126 phil.
537 2090 636 2116 cons.
650 2079 719 2114 IIII
739 2082 772 2124 3,
786 2081 849 2113 32:
876 2078 990 2113 corda
1014 2079 1195 2113 uertere
1220 2088 1308 2112 non
1332 2075 1516 2124 ualentss
1531 2075 1643 2122 Verg.
1657 2076 1747 2123 ge.I
1765 2079 1852 2113 505:

280 2128 347 2163 ubi
365 2127 423 2163 fas
443 2138 592 2163 uersum
618 2128 732 2171 atque
756 2125 862 2161 nefas
881 2127 894 2172 ΙΙ
914 2125 981 2161 Ou.
1001 2126 1090 2162 met.
1103 2125 1155 2160 VI
1175 2127 1243 2159 585
1259 2136 1331 2169 sq.:
1357 2123 1491 2168 fasque
1515 2123 1698 2169 nefasque
1723 2123 1851 2159 confu-

281 2187 368 2211 sura
392 2175 468 2211 ruit
481 2174 665 2222 {linuicem
690 2174 905 2220 permutare
931 2172 1053 2209 exhib.
1070 2171 1224 2215 Quintil.
1238 2171 1326 2208 inst.
1347 2171 1364 2206 I
1383 2176 1416 2217 4,
1433 2175 1476 2207 16
1588 2171 1637 2208 87
1665 2171 1708 2219 83
1740 2171 1851 2207 Prud.

402 2319 437 2353 Ω
458 2335 501 2347 =
522 2316 786 2363 A'(Aa)B'(B
797 2314 1293 2362 0)Γ(φψ)1εγδι’(ιῑ)πα]
1370 2314 1418 2350 73
1438 2313 1608 2360 usitatis]
1628 2312 1800 2349 usitectis
1818 2313 1856 2349 R

282 2377 366 2408 ante
390 2384 463 2408 ras.
589 2371 638 2407 74
662 2370 858 2406 fiecturum
885 2370 913 2405 λ’
941 2374 1026 2406 ante
1051 2381 1123 2406 ras.
1237 2368 1359 2414 capud
1384 2380 1412 2404 a
1534 2366 1582 2403 75
1607 2377 1800 2403 recurrens
1825 2379 1854 2402 π

328 2455 375 2479 ne
400 2444 538 2479 uocata
562 2455 589 2478 π
604 2455 664 2489 pr.
738 2443 931 2477 menstrua
956 2442 993 2477 B
1102 2440 1150 2476 76
1173 2439 1306 2474 ridibit
1331 2439 1367 2474 A
1467 2439 1514 2475 78
1540 2417 1763 2485 Fastidienis}
1783 2450 1808 2474 a

285 2498 332 2533 79
359 2497 480 2533 celum
505 2499 559 2532 λα
679 2495 850 2543 inferius]
876 2495 1043 2530 infernus
1072 2494 1103 2530 Ο
1122 2497 1208 2530 ante
1231 2504 1304 2529 ras.
1415 2503 1517 2527 mare
1546 2492 1711 2528 FRffln
1758 2491 1855 2527 mari

282 2555 360 2588 cett.
376 2552 416 2587 62
431 2550 498 2586 Ac.
615 2550 665 2586 80
691 2549 875 2596 Telluresl
898 2550 921 2583 δ
969 2547 1114 2583 Tellere
1140 2560 1163 2583 a
1183 2558 1243 2593 pr,
1270 2551 1358 2582 auti
1456 2545 1504 2581 81
1533 2545 1587 2580 sic
1611 2544 1746 2591 flagres
1770 2555 1855 2581 meo

286 2605 344 2640 uti
368 2617 395 2640 a
467 2603 541 2639 mei
570 2604 790 2647 Glareanus,
815 2602 938 2638 Bentl.
1013 2601 1062 2637 82
1090 2599 1242 2647 atrislss‚
1267 2599 1300 2634 is
1325 2601 1368 2635 in
1385 2610 1472 2643 ras„
1497 2600 1521 2634 δ
1605 2598 1655 2635 83
1683 2597 1758 2634 Sub
1783 2597 1855 2634 hoc

282 2660 354 2695 Ru
379 2659 435 2703 (in
459 2670 487 2693 π
511 2668 687 2703 superscr.
715 2657 750 2705 e)
870 2655 947 2690 iam
971 2655 1063 2702 non]
1088 2665 1163 2689 non
1187 2653 1265 2688 iam
1290 2654 1342 2691 ὃς
1391 2652 1468 2687 iam
1493 2653 1593 2688 omis.
1614 2663 1737 2697 ywpr.
1752 2652 1852 2697 (add.

282 2724 382 2758 supr.
396 2713 447 2757 u.)
520 2712 563 2745 ut
588 2709 693 2745 omis.
719 2722 747 2745 a
831 2708 881 2745 84
906 2709 1041 2744 uerbas
1066 2720 1095 2743 π
1115 2719 1174 2754 pr.
1267 2706 1317 2742 86
1343 2706 1536 2751 thyesteas
1561 2704 1852 2742 BGcorr.a.Ac.

281 2765 479 2800 tibiesteas
498 2764 553 2800 Rr
579 2763 734 2799 tiesteas
754 2764 809 2799 R2
834 2762 1045 2798 thiestheas
1058 2773 1085 2799 a
1108 2760 1290 2796 thiesteas
1305 2764 1382 2796 cett.
1398 2759 1494 2805 Cpr.
1567 2769 1720 2804 praeces
1740 2758 1806 2795 Αλ

282 2830 345 2853 ua.
362 2818 425 2854 87.
439 2817 489 2853 88
510 2818 577 2853 del.
595 2818 716 2864 Guyet
728 2817 850 2853 Bentl.
865 2817 1003 2853 Peerlk.
1088 2814 1136 2851 87
1151 2814 1316 2859 Venena,
1337 2824 1359 2848 a
1378 2815 1421 2849 in
1438 2824 1510 2849 ras.
1525 2825 1552 2847 π
1625 2823 1804 2857 magnum
1818 2813 1854 2848 Ω

284 2871 376 2915 Pph.
392 2867 527 2916 Poiph.
543 2870 608 2906 Ac.
623 2871 729 2906 schol.
744 2873 800 2916 λφ
839 2871 1044 2916 (magnum)
1065 2868 1225 2904 Lambin
1260 2866 1410 2913 magica
1429 2867 1513 2902 edit.
1529 2869 1599 2902 aet.
1615 2866 1736 2902 Bentl.
1774 2876 1854 2900 ma-

284 2934 334 2968 ga
358 2934 434 2958 non
459 2924 593 2968 Haupt
641 2923 830 2968 magicum
856 2924 1017 2969 Rutyers
1063 2932 1177 2967 maga
1201 2932 1290 2956 num
1317 2920 1354 2956 0.
1376 2921 1434 2956 W.
1452 2919 1587 2956 Nauck
1599 2923 1633 2955 et
1646 2918 1762 2955 Hertz
1773 2915 1851 2955 uidss
