2002 3224
923 153 943 185 5
1638 149 1724 192 301

492 267 728 303 conuertere
759 262 937 302 humana
970 263 1155 303 inuicem.

430 335 530 375 diris
562 348 674 388 agam
705 347 797 388 uos3
829 333 915 374 dira
947 334 1158 374 detestatio

490 407 599 448 nulla
632 408 814 460 expiatur
844 407 1018 447 uictima.
1548 402 1550 404 ’
1679 413 1725 445 9ο

430 481 545 533 quin,
576 479 647 519 ubi
678 480 811 532 perire
843 480 978 519 iussus
1010 479 1265 531 expirauero,

446 572 449 575 -
488 556 710 591 nocturnus
742 562 951 590 occurram
982 550 1113 604 furor,

429 629 639 676 petamque
673 621 805 663 uoltus
837 621 978 662 umbra
1010 622 1147 662 curuis
1179 621 1403 675 unguibus,

492 707 592 748 quae
624 695 689 734 uis
721 694 888 734 deorum
920 698 982 733 est
1011 693 1206 747 Manium,

431 770 470 805 et
503 767 693 818 inquietis
725 765 905 806 assidens
937 765 1185 818 praecordiis
1680 773 1727 805 95

489 850 636 890 pauore
669 849 831 877 somnos
863 837 1051 877 auferam.

435 922 508 949 uos
540 909 657 950 turba
688 911 852 950 uicatim
884 909 978 950 hinc
1010 914 1050 949 et
1080 908 1176 949 hinc
1209 910 1315 949 saxis
1347 914 1488 962 petens

492 981 710 1022 contundet
741 981 934 1021 obscenas
966 993 1085 1035 anus3

143 1108 244 1144 cath.
264 1108 318 1144 III
338 1112 406 1144 134
421 1120 493 1154 sq.:
525 1109 659 1153 fasque
684 1108 867 1154 nefasque
894 1108 1008 1144 simul
1032 1108 1265 1155 glomerans,
1291 1108 1397 1155 inpia
1423 1108 1582 1144 crimina
1606 1109 1727 1144 morte

142 1155 217 1192 luit
339 1156 390 1193 88
417 1157 460 1194 S:
487 1156 599 1192 Prud.
627 1156 726 1192 cath.
741 1156 811 1192 VII
831 1160 916 1191 214:
959 1167 1075 1191 unam
1111 1167 1315 1202 paremque
1354 1156 1466 1192 sortis
1504 1157 1728 1192 humanae

144 1204 290 1240 uicem
316 1203 417 1240 inter
441 1206 617 1250 potentes
643 1205 759 1249 atque
785 1215 923 1250 egenos
950 1204 1084 1239 ducere
1207 1204 1258 1240 89
1273 1216 1326 1250 sq.
1357 1204 1462 1239 ‘dira
1482 1226 1527 1231 —-
1547 1204 1725 1240 uictima’

146 1253 191 1289 T:
219 1252 321 1289 Seru.
348 1252 398 1287 ad
423 1252 514 1288 Aen.
535 1252 606 1287 VII
625 1255 694 1287 597
865 1251 916 1287 89
942 1252 986 1289 S:
1024 1251 1103 1287 Liu.
1130 1252 1268 1287 XXXX
1287 1256 1344 1297 56,
1361 1256 1399 1288 9:
1425 1253 1581 1288 umbrae
1604 1251 1731 1287 inson-

147 1299 198 1335 tis
233 1300 453 1346 interempti
483 1299 554 1335 filii
586 1311 672 1336 eum
703 1299 795 1335 diris
827 1299 1021 1346 agitarent
1181 1299 1334 1336 91—96
1361 1300 1405 1337 S:
1430 1300 1542 1346 Verg.
1557 1300 1731 1336 Aen.1111

150 1351 358 1384 384—386:
393 1359 530 1393 sequar
554 1347 647 1383 atris
672 1347 825 1394 ignibus
852 1348 988 1383 absens
1021 1349 1076 1394 et,
1109 1359 1195 1383 cum
1226 1347 1367 1395 frigida
1391 1360 1493 1384 mors
1519 1348 1647 1384 anima
1674 1359 1729 1383 se-

149 1395 300 1431 duxerit
331 1397 454 1442 artus,
476 1395 661 1431 'omnibus
692 1395 827 1431 umbra
858 1395 952 1431 locis
979 1396 1092 1431 adero
1124 1397 1136 1442 ΙΙ
1168 1395 1270 1432 Suet.
1290 1396 1376 1432 Ner.
1399 1400 1463 1433 34:
1502 1407 1616 1442 saepe
1642 1406 1729 1431 con-

146 1444 268 1479 fessus
301 1443 488 1490 exagitari
521 1455 559 1479 se
591 1445 764 1479 materna
802 1443 927 1489 specie
965 1443 1261 1489 uerberibusque
1292 1444 1491 1480 Furiarum
1529 1455 1574 1479 ac
1604 1443 1729 1479 taedis

146 1491 368 1527 ardentibus
462 1492 511 1528 91
520 1504 582 1552 'sq.
611 1492 655 1528 S:
681 1491 805 1537 Apoll.
831 1491 901 1527 Rh.
922 1491 975 1527 III
995 1495 1062 1527 703
1078 1504 1150 1552 sqa
1178 1490 1200 1536 ἢ
1227 1490 1286 1528 σοί
1309 1505 1351 1538 γε
1378 1494 1502 1538 φίλοις
1527 1493 1596 1528 σὺν
1621 1491 1730 1527 παισὶ

144 1542 323 1576 θανοῦσα
350 1541 432 1586 εἴην
459 1537 497 1583 ἐξ
520 1538 645 1575 Ἀίδεω
672 1539 828 1585 στυγερὴ
855 1538 1086 1586 μετόπισθεν
1107 1539 1257 1587 Ἐρινύς
1345 1541 1394 1576 91
1423 1541 1466 1578 S:
1494 1540 1605 1576 Prud.
1627 1540 1728 1575 cath.

147 1587 217 1623 VH
238 1591 325 1624 111:
351 1587 506 1623 iussus
532 1587 684 1634 perire
711 1587 812 1622 solus
839 1599 859 1623 e
886 1587 1029 1623 cunctis
1055 1598 1141 1623 reus
1239 1588 1290 1624 92
1318 1589 1361 1625 S:
1389 1588 1545 1631 Quintil
1569 1587 1728 1624 declam.

146 1639 233 1671 314:
263 1637 351 1671 sunt
375 1636 444 1671 illa
470 1647 571 1682 uera,
597 1646 694 1680 quae
720 1637 887 1671 extremo
913 1635 1042 1671 miseri
1068 1635 1205 1681 spiritu
1225 1636 1465 1672 dicebantur.
1492 1636 1602 1671 dabis
1622 1635 1728 1681 mihi,

147 1683 342 1729 scelerate,
367 1695 527 1729 poenas:
553 1695 758 1730 persequar
783 1683 1010 1728 quandoque
1030 1684 1069 1719 et
1087 1694 1279 1719 occurram
1300 1685 1311 1730 ΙΙ
1331 1684 1415 1720 Sen.
1436 1684 1505 1730 Ag.
1523 1688 1608 1719 765.
1637 1685 1729 1719 stre-

146 1733 318 1777 puntque
343 1731 518 1767 nocturni
542 1733 665 1767 metus
740 1731 790 1767 93
817 1731 861 1768 S:
889 1731 956 1768 Ou.
976 1731 1030 1768 Ib.
1052 1735 1119 1766 141
1136 1743 1209 1776 sq.-
1242 1734 1333 1767 tunc
1362 1743 1512 1777 quoque
1543 1732 1731 1767 factorum

145 1778 297 1814 ueniam
321 1790 464 1815 memor
489 1779 648 1814 umbra
673 1780 834 1824 tuorum,
862 1779 1085 1824 insequar
1110 1781 1149 1815 et
1174 1779 1330 1815 uoltus
1357 1791 1466 1815 ossea
1484 1780 1594 1815 larua
1612 1780 1698 1815 tuos
1718 1779 1730 1826 Ἰ

143 1827 228 1864 Val.
248 1827 302 1864 Fl.
318 1827 405 1862 VIII
428 1830 497 1862 150
510 1839 592 1872 sqq.
608 1827 710 1863 Sch.:
742 1827 881 1862 uellem
907 1827 1140 1873 unguibus
1166 1827 1295 1863 uncis
1321 1829 1365 1862 ut
1389 1827 1553 1863 uolucris
1578 1838 1730 1873 possem

143 1874 425 1920 praedonis
414 1887 461 1910 1n
479 1875 629 1921 ipsius
655 1886 736 1910 ora
761 1874 827 1910 ire
846 1877 858 1920 ΙΙ
878 1874 946 1910 Ou.
967 1886 1000 1911 a.
1021 1886 1054 1911 a.
1075 1875 1128 1910 111
1149 1878 1236 1912 568:
1263 1886 1332 1911 nec
1352 1875 1528 1911 dominae
1543 1905 1551 1912 .
1567 1904 1575 1912 .
1591 1905 1599 1912 .
1614 1885 1729 1921 appe-

145 1924 206 1958 tat
224 1934 350 1968 ungue
369 1934 487 1967 genas
567 1921 619 1958 94
640 1923 682 1959 S:
710 1923 821 1958 Prud.
843 1922 943 1958 cath.
963 1923 981 1957 I
999 1927 1045 1958 49
1062 1935 1135 1967 sq.:
1162 1934 1277 1968 quae
1303 1923 1372 1958 uis
1399 1923 1451 1958 sit
1474 1923 1586 1959 huius
1612 1922 1729 1969 alitis,

145 1971 314 2006 saluator
338 1971 505 2006 ostendit
522 1971 633 2006 Petro
745 1970 795 2006 95
822 1970 866 2007 S:
892 1970 1003 2007 Prud.
1026 1971 1126 2007 cath.
1139 1970 1209 2006 VII
1229 1973 1292 2007 20:
1325 1970 1548 2016 animusque
1581 1970 1729 2017 pigris

146 2020 284 2054 stertat
308 2020 352 2053 ut
375 2018 667 2064 praecordiis
784 2019 832 2054 97
863 2020 945 2054 ‘nos
971 2019 1084 2054 turba
1099 2040 1143 2044 —
1159 2018 1274 2054 saxis’
1303 2020 1346 2055 T:
1373 2019 1488 2066 gloss.
1508 2019 1588 2054 Mai
1614 2019 1724 2056 class,

147 2067 246 2103 auct.
260 2066 349 2101 VIII
373 2078 410 2112 p.
431 2070 501 2102 606

265 2164 301 2197 Ω,
320 2180 365 2193 =
385 2162 1152 2209 A'(Aa)B'(B0)F(qnp)Ryax(zz)nu]

146 2223 293 2269 Epiley.
343 2234 418 2258 non
444 2221 590 2269 ualent]
616 2234 706 2257 num
731 2221 862 2257 ualent
885 2222 1020 2259 Nauck
1044 2227 1078 2258 et
1102 2223 1219 2259 Hertz
1336 2223 1424 2267 post
1447 2222 1630 2267 nefasque
1656 2222 1730 2258 dno

139 2281 284 2323 puncta
310 2281 343 2313 et
368 2281 455 2322 post
479 2276 684 2311 humanam
710 2275 833 2311 uicem
858 2277 1114 2323 interrogandi
1144 2278 1290 2323 siynnm
1317 2278 1427 2322 ponit
1450 2277 1486 2312 J.
1515 2275 1551 2313 S.
1578 2276 1731 2322 Spezjer,

143 2335 284 2367 mutato
309 2332 418 2367 etiam
443 2343 616 2367 uersuum
636 2331 764 2366 ordine
789 2331 846 2366 ita
869 2334 912 2365 ut
936 2342 999 2366 nn.
1016 2329 1064 2365 87
1079 2341 1129 2376 sq.
1159 2330 1339 2366 Canidiae
1358 2331 1575 2367 tribuantur
1594 2335 1627 2366 et
1645 2334 1732 2376 post

143 2397 181 2421 n.
203 2383 252 2420 82
279 2388 586 2430 transponantwr,
619 2385 796 2420 obseruat.
824 2395 863 2429 p.
886 2386 929 2418 51
967 2383 1145 2430 G'roniny.
1169 2387 1259 2418 1891
1391 2383 1440 2419 88
1472 2395 1548 2419 non
1582 2385 1730 2419 uertere

145 2439 301 2485 Bentley
374 2439 542 2474 humana
566 2437 730 2473 inuicem
749 2438 867 2474 editor
903 2436 1109 2472 humanam
1129 2435 1256 2473 uicem*
1272 2439 1307 2472 ,Ω
1320 2438 1414 2484 Pph.
1433 2439 1571 2483 Porph.
1585 2438 1693 2474 schol.
1708 2451 1730 2483 γ

145 2491 330 2527 humanas
356 2491 457 2528 uices
483 2493 640 2539 Bentley
687 2490 846 2526 immani
870 2489 953 2526 uice
983 2491 1215 2537 Peerlkamp3
1241 2492 1320 2527 nid.
1342 2492 1489 2538 Epiley.
1589 2491 1640 2527 89
1667 2491 1730 2526 de-

145 2545 302 2581 testatio
321 2558 349 2582 u
422 2546 473 2582 90
500 2545 676 2593 expiatur
701 2546 713 2580 l
733 2558 766 2581 a.
788 2556 860 2581 ras,
937 2544 986 2580 91
1009 2544 1143 2594 Qssuin
1163 2546 1187 2580 δ
1252 2544 1376 2590 perire
1395 2557 1463 2582 om.
1477 2557 1504 2581 n
1576 2544 1731 2580 uisusB

195 2628 435 2675 exspirauero
460 2643 482 2675 γ
522 2603 724 2675 expirauero
744 2629 781 2664 B
877 2627 928 2664 92
955 2627 1158 2663 Nocturnis
1186 2628 1218 2664 Ο
1312 2629 1362 2664 93
1388 2629 1517 2664 uultus
1538 2630 1574 2663 ,Ω
1648 2639 1728 2663 cur-

148 2711 219 2758 uis,
244 2711 259 2746 i
279 2714 322 2748 in
346 2724 421 2749 ras.
441 2714 465 2748 ὃ
590 2686 755 2759 ungibus
775 2713 812 2747 B
958 2711 1009 2747 94
1035 2723 1108 2760 que
1139 2711 1198 2746 uis
1232 2712 1386 2747 deorum
1412 2710 1542 2746 manin
1567 2715 1586 2746 e
1613 2711 1679 2747 Ac.

148 2764 312 2814 manifiss
334 2767 373 2812 δ,
399 2782 423 2786 -
441 2768 487 2803 ab
515 2768 577 2803 alt.
604 2779 719 2803 mann
898 2765 949 2801 95
981 2765 1031 2800 Et
1062 2765 1202 2810 quietis
1229 2766 1281 2802 A'
1332 2766 1382 2801 Et
1404 2764 1616 2813 ssinquietis
1643 2765 1680 2801 R

149 2818 319 2855 assident
343 2821 381 2856 B
420 2819 591 2855 assidens
617 2825 695 2857 cett.
769 2818 975 2866 precordiis
1001 2821 1083 2864 γλα
1191 2819 1242 2855 96
1270 2830 1406 2855 sonnos
1431 2831 1459 2855 n
1559 2817 1610 2855 98
1635 2819 1730 2856 Con-

148 2873 287 2909 tundat
299 2872 448 2909 A‘B‘u
460 2885 552 2910 corr.
567 2874 662 2920 Pph.
696 2874 844 2910 Condat
863 2874 876 2909 l
884 2885 944 2918 pr.
979 2872 1193 2909 Contundet
1212 2877 1290 2909 cett.
1365 2873 1528 2909 obscena
1548 2883 1661 2909 sanus
1673 2871 1728 2910 131

196 2925 382 2962 obscenas
401 2939 425 2962 a
451 2926 613 2963 obcenas
640 2930 675 2963 λι
