2008 3230
262 129 379 165 LVIII
904 130 1188 166 PRAEFATIO.

265 255 378 282 serm.
404 242 425 281 I
453 244 490 295 1,
520 245 646 295 1—2‚
675 244 770 282 113.
834 242 966 282 Codex
991 242 1206 282 admodum
1230 255 1394 282 mancus
1419 244 1491 282 est.
1546 243 1703 283 Desunt
1727 243 1834 283 enim

267 315 298 342 0.
325 302 366 340 H
394 303 461 354 13,
488 304 645 354 5-16,
674 304 741 342 19.
791 314 905 343 serm.
930 303 951 340 Ι
978 305 1016 354 2,
1044 303 1237 342 114-Π
1264 304 1301 354 8,
1330 304 1396 342 95.
1452 302 1567 352 epist.
1593 303 1613 341 Ι
1640 305 1677 354 8,
1705 303 1834 343 8-1[

268 363 304 412 2,
327 363 393 400 19.
457 361 654 401 Graeuius
686 362 834 400 librum
860 361 884 401 δ
909 361 1097 401 Coloniae
1129 375 1153 401 a
1182 362 1404 412 bibliopola
1435 362 1610 412 quodam
1635 362 1733 402 emit
1763 357 1834 416 (cf.

264 421 423 460 Bentlei
454 421 610 471 epistol.
643 421 702 462 ed.
727 421 991 460 Friedemann
1021 435 1059 471 p.
1088 415 1204 474 115).

384 480 407 519 ὃ
437 482 547 520 recta
571 480 642 520 uia
671 481 788 519 fluxit
819 494 839 520 e
870 480 972 520 libro
1004 481 1313 520 semuncialibus
1339 481 1484 520 litteris
1517 483 1699 521 exarato:
1729 482 1836 522 unde

264 541 418 579 demens
448 553 520 590 pro
553 541 715 579 clemens
747 535 834 594 (δι)
862 553 893 579 0.
920 540 982 579 III
1009 541 1076 592 11,
1097 543 1170 593 463
1209 542 1400 580 adanteus
1436 554 1508 591 pro
1547 542 1740 580 atlamteus
1772 535 1834 596 (δ)

264 613 295 638 c.
321 599 342 637 Ι
369 601 436 651 34,
459 601 524 639 11.
588 599 713 650 Saepe
738 599 1054 650 praepositiones
1080 613 1172 639 cum
1196 600 1424 640 nominibus
1456 601 1702 640 coaluerunt.
1757 601 1831 640 Re·

263 658 475 708 periuntur
509 659 726 698 nonnullae
757 659 806 698 N.
867 659 1004 698 Etiam
1042 660 1320 710 compendium
1357 661 1464 713 U7=
1483 672 1532 699 us
1571 660 1738 712 dignum
1775 661 1837 699 est

265 719 373 768 quod
404 720 657 758 memoretur.

387 789 621 840 Complures
641 789 761 828 huius
781 790 958 830 familiae
978 790 1143 841 codices,
1169 791 1405 841 praesertim
1431 790 1455 830 ὃ
1467 792 1508 830 et
1521 804 1552 841 z,
1578 790 1630 830 ad
1647 790 1668 829 I
1687 790 1837 830 ordinis

265 849 466 899 quendam
503 849 679 888 codicem
717 852 946 889 constanter
982 851 1149 890 correcti
1193 853 1298 891 sunt.
1359 851 1400 888 Is
1438 851 1636 890 corrector
1666 844 1757 903 (6¹2
1778 865 1836 884 ——·-·

264 908 316 947 62
332 907 385 959 -Ι-
402 903 471 962 z2)
507 910 664 948 ueteres
695 909 861 961 formas,
898 911 947 948 ut
977 910 1231 949 accusatiuos
1268 910 1309 948 in
1340 911 1376 948 is
1413 910 1622 961 exeuntes,
1652 909 1838 950 funditus

265 968 393 1007 delere
435 968 632 1006 studebat.
695 968 903 1007 Lectiones
942 965 1013 1007 ‹5'2
1038 969 1178 1008 110162
1198 970 1265 1008 uel
1285 977 1336 1008 z2
1379 971 1474 1008 sunt
1515 968 1664 1008 ordinis
1704 968 1838 1022 primi,

265 1028 312 1066 cf.
341 1040 444 1078 quae
476 1039 598 1077 supra
629 1041 667 1078 p.
693 1028 792 1066 XIII
823 1028 1093 1078 exposuimus.

1039 1148 1065 1186 d

385 1229 569 1269 Proxime
600 1230 726 1270 codici
757 1230 781 1269 δ
812 1233 1007 1283 cognatus
1039 1233 1080 1270 et
1111 1233 1243 1271 aetate
1274 1244 1400 1282 paene
1437 1244 1512 1281 par
1548 1233 1610 1270 est
1650 1231 1773 1272 codex
1803 1231 1840 1284 d,

265 1289 395 1329 multo
428 1289 590 1340 quidem
620 1290 748 1340 magis
779 1303 956 1342 mancus,
988 1304 1109 1341 quam
1142 1291 1176 1331 δ.
1239 1291 1265 1329 d
1285 1308 1341 1322 =
1369 1290 1612 1329 Harleianus
1644 1291 1760 1331 2688
1783 1308 1840 1324 =

264 1362 321 1387 nr.
353 1350 408 1388 30
440 1349 616 1400 catalogi
647 1349 882 1402 Gmeuiani,
919 1350 1091 1401 scriptus
1129 1363 1160 1390 c.
1194 1364 1228 1389 a.
1257 1352 1362 1400 9003
1403 1351 1457 1388 24
1489 1350 1680 1389 foliorum
1711 1352 1839 1403 o,319

265 1414 321 1449 ><
342 1410 469 1459 0256
491 1422 554 1460 m.,
584 1410 637 1448 28
665 1408 861 1448 linearum
887 1409 929 1448 in
949 1410 1119 1462 singulis
1144 1410 1320 1461 paginis3
1346 1409 1563 1460 imaginem
1587 1409 1700 1450 uides
1731 1411 1840 1462 apud

265 1479 475 1518 Chatelain
506 1480 527 1517 I
564 1479 645 1520 tab.
673 1480 918 1519 LXXXVIII
944 1499 999 1513 =
1026 1482 1095 1521 fol.
1125 1482 1176 1520 29
1211 1498 1268 1512 =
1300 1480 1412 1531 epod.
1447 1481 1514 1532 17,
1543 1482 1598 1520 74
1630 1502 1688 1509 —
1719 1494 1839 1522 carm.

264 1551 363 1578 saec.
393 1540 459 1577 17.
511 1538 699 1578 Continet
723 1540 824 1578 nihil
848 1540 926 1579 nisi
946 1541 1059 1591 epod.
1082 1543 1119 1592 8,
1148 1541 1333 1591 12-17,
1357 1541 1424 1579 81.
1451 1552 1570 1579 carm.
1597 1552 1698 1582 saec.
1724 1541 1838 1592 epist.

262 1598 282 1636 Ι
311 1600 347 1647 1,
377 1600 574 1638 1—102.
610 1600 676 1650 18,
703 1599 873 1638 47-—11
902 1602 939 1651 2,
973 1601 1069 1639 216.
1109 1612 1222 1639 serm.
1249 1600 1269 1638 Ι
1304 1601 1340 1651 1,
1370 1601 1508 1650 1-2,
1545 1600 1614 1639 65.
1669 1600 1839 1641 Prorsus

264 1658 391 1709 igitur
431 1657 621 1696 deficiunt
661 1659 838 1697 carmina
878 1660 919 1698 et
959 1672 1023 1698 ars
1060 1659 1219 1709 poetica
1259 1661 1299 1698 et
1339 1671 1453 1699 serm.
1492 1658 1593 1698 liber
1631 1660 1838 1700 secundus.

225 1758 234 1765 ,
263 1717 411 1768 Magna
436 1717 508 1755 illa
534 1730 636 1767 quae
662 1717 767 1756 inter
791 1718 904 1768 epist.
930 1718 951 1756 I
979 1720 1022 1770 1,
1046 1720 1128 1758 102
1162 1720 1203 1757 et
1237 1719 1302 1770 18,
1330 1720 1383 1757 47
1418 1718 1663 1768 conspicitur
1693 1719 1840 1759 lacuna

265 1776 346 1814 iam
383 1776 425 1814 in
466 1776 552 1827 ipso
595 1777 740 1816 codicis
777 1777 802 1815 d
845 1778 1062 1828 exemplari
1102 1778 1225 1816 fuisse
1266 1777 1448 1828 putanda
1489 1780 1565 1828 est3
1612 1791 1707 1818 nam
1746 1780 1840 1829 post

267 1836 381 1885 epist.
409 1835 428 1873 Ι
456 1837 492 1887 1,
523 1838 604 1875 102
638 1836 679 1874 111
712 1837 849 1875 eadem
887 1837 1036 1888 pagina
1068 1831 1155 1890 (fol.
1184 1832 1275 1890 32f)
1308 1837 1391 1876 sine
1429 1837 1545 1876 hiatu
1577 1837 1690 1888 epist.
1716 1837 1738 1877 I
1771 1840 1837 1890 18,

264 1897 317 1932 47
335 1908 418 1945 sqq.
453 1896 659 1946 secuntur,
691 1895 918 1946 ibidemque
950 1896 991 1934 in
1023 1897 1204 1948 margine
1236 1897 1423 1948 antiqua,
1457 1896 1525 1936 sed
1556 1897 1685 1936 altera
1715 1910 1839 1942 manu

264 1954 457 2004 scriptum
489 1957 564 1993 est:
601 1955 711 2003 Quod
742 1955 845 1993 deest
869 1967 984 2003 quere
1012 1957 1056 1994 ‘m
1079 1958 1217 2004 prima
1248 1952 1272 1994 t
1288 1988 1294 1994 .
1310 1986 1318 1994 .
1335 1986 1366 1994 ..
1400 1969 1425 1994 a
1448 1954 1562 2004 &tore
1592 1957 1676 1996 dati
1705 1969 1838 1996 rerum

267 2014 385 2051 tutela
415 2025 454 2051 m
471 2044 498 2051 ..
516 2045 523 2052 .
541 2045 548 2052 .
569 2015 671 2062 quod
695 2016 869 2062 sequitur
887 2026 991 2063 pone
1015 2016 1067 2054 in.
1090 2011 1124 2053 b.
1143 2020 1184 2063 iq
1199 2047 1206 2053 .
1222 2044 1249 2053 ..
1266 2045 1274 2052 .
1294 2016 1396 2053 hunc
1426 2020 1525 2054 uera
1555 2017 1812 2065 scriptum...
1827 2047 1836 2056 .

265 2083 367 2122 Cum
392 2083 560 2122 diuersis
581 2084 671 2122 aliis
697 2084 934 2124 Latinorum
960 2087 1172 2125 auctorum
1197 2086 1433 2137 fragmentis
1459 2092 1560 2125 saec.
1585 2087 1837 2127 VIIII—XI

264 2143 435 2181 exaratis
467 2143 508 2180 in
539 2156 666 2181 unum
697 2144 888 2183 uolumen
920 2145 1169 2196 conligatum
1201 2157 1284 2184 esse
1316 2146 1474 2184 constat
1497 2158 1569 2195 per
1593 2145 1837 2185 Wanleium.

262 2201 441 2240 Alterius
472 2215 615 2241 manus
653 2204 898 2242 correcturas
930 2204 1107 2243 continet
1138 2217 1263 2254 paene
1300 2205 1451 2255 nullas,
1488 2204 1530 2243 in
1561 2205 1636 2244 hoc
1674 2205 1837 2256 quidem

263 2261 476 2300 abhorrens
508 2274 532 2300 a
562 2261 674 2301 libris
707 2261 767 2300 dz.
818 2262 843 2300 d
863 2276 910 2301 ex
929 2262 953 2301 ὃ
977 2263 1215 2314 descriptus¹
1232 2276 1315 2303 esse
1341 2264 1492 2315 nequit,
1525 2264 1622 2315 quia
1646 2264 1688 2303 in
1713 2265 1835 2305 titulo

266 2320 431 2370 quintae
464 2320 638 2360 decimae
671 2321 787 2370 epodi
819 2322 844 2360 d
874 2322 905 2360 S
932 2322 1064 2374 habet,
1097 2322 1121 2361 ὃ
1150 2323 1199 2369 1,·
1228 2323 1301 2361 illa
1332 2324 1468 2362 autem
1498 2323 1615 2363 unice
1646 2337 1744 2363 uera
1775 2326 1836 2364 est

267 2379 466 2429 scriptura
503 2393 574 2419 nec
612 2379 826 2430 quisquam
864 2393 952 2420 eam
990 2382 1306 2421 emendationem
1343 2383 1526 2421 consulto
1563 2383 1715 2421 factam
1750 2395 1835 2423 esse

265 2439 501 2477 contendere
531 2440 675 2489 potest.
735 2440 819 2479 Nec
850 2440 979 2491 magis
1017 2440 1040 2479 ὃ
1059 2441 1148 2479 exd
1179 2441 1401 2491 descriptus
1441 2453 1525 2480 esse
1556 2443 1707 2494 potest,
1739 2442 1836 2492 quia

266 2498 377 2548 epod.
408 2500 460 2536 14
481 2498 506 2536 d
531 2498 573 2536 in
598 2499 720 2538 titulo
746 2499 904 2538 exhibet
928 2499 978 2551 L,
1011 2500 1118 2550 quod
1144 2500 1304 2550 quidem
1331 2501 1392 2539 est
1419 2501 1579 2552 falsum,
1612 2500 1636 2539 δ
1659 2501 1765 2540 recte
1796 2502 1834 2546 I,

181 2557 185 2560 ’
266 2570 512 2607 quamquam
542 2557 688 2597 codicis
714 2557 738 2596 ὃ
761 2558 950 2597 librarius
975 2571 1113 2597 earum
1138 2559 1366 2598 litterarum
1398 2572 1498 2610 quas
1529 2559 1593 2598 hic
1625 2559 1836 2611 descripsit

266 2616 427 2655 minime
458 2616 657 2656 intellexit
687 2629 857 2656 sensum.
919 2618 1026 2669 Ergo
1058 2631 1129 2657 nec
1161 2619 1186 2657 d
1217 2632 1264 2657 ex
1296 2618 1329 2670 δ,
1368 2631 1438 2658 nec
1470 2618 1494 2657 δ
1525 2632 1572 2658 ex
1603 2619 1628 2657 d
1660 2619 1834 2670 descrip-

266 2677 369 2726 tum,
408 2675 475 2715 sed
505 2678 722 2727 utrumque
760 2677 935 2716 codicem
966 2677 1133 2716 alterius
1164 2680 1374 2728 tamquam
1404 2678 1571 2717 fratrem
1608 2677 1836 2719 habendum

268 2747 351 2773 esse
378 2737 545 2774 constat.
608 2736 745 2775 Etiam
770 2736 795 2774 d
821 2737 861 2775 et
887 2736 911 2775 δ
936 2749 1219 2787 saepenumero
1251 2737 1443 2776 maiorem
1474 2737 1521 2775 N
1545 2738 1652 2776 inter
1682 2740 1835 2778 ceteras

268 2794 516 2833 minusculas
548 2807 648 2844 quas
674 2795 814 2834 dicunt
843 2796 1001 2835 litteras
1026 2796 1165 2835 scribit
1195 2798 1236 2835 et
1259 2796 1596 2846 praepositionem
1621 2798 1663 2836 et
1692 2811 1836 2837 nomen

267 2853 308 2891 in
340 2866 462 2891 unam
494 2866 634 2893 uocem
669 2855 932 2906 conglutinat,
966 2856 1013 2894 cf.
1050 2856 1163 2894 serm.
1190 2855 1210 2893 I
1237 2857 1274 2906 1,
1302 2857 1375 2895 31:
1406 2857 1516 2904 ferves
1531 2859 1576 2896 ut
1598 2857 1722 2895 inotia
1752 2860 1835 2897 tuta

265 2913 402 2952 reeeda
411 2914 477 2961 ΝΣ
529 2926 647 2952 carm.
674 2927 773 2955 saec.
796 2916 850 2954 58
877 2915 902 2954 d
928 2916 1036 2955 solus
1060 2928 1200 2955 ueram
1218 2915 1430 2955 lectionem
1453 2917 1618 2955 neclecta
1643 2916 1834 2967 seruauit,
