2002 3224
300 189 359 230 34
847 191 1034 226 HORATI
1059 191 1321 228 CARMINVM

640 302 737 341 tibia
769 304 894 342 sumis
926 302 1147 358 celebrare,
1179 304 1283 358 Clio,

640 386 759 425 quem
785 372 934 414 deum?
965 376 1079 415 cuius
1110 377 1263 415 recinet
1295 378 1428 416 iocosa

699 457 846 485 nomen
877 447 1006 498 imago

640 522 707 557 aut
737 519 779 557 in
810 517 1010 557 umbrosis
1041 518 1243 558 Heliconis
1276 521 1359 559 oris
1842 529 1863 562 5

640 595 707 629 aut
739 602 860 642 super
889 589 1015 630 Pindo
1047 590 1228 642 gelidoue
1261 593 1302 631 in
1334 591 1500 632 Haemo:

639 661 744 701 unde
776 661 955 701 uocalem
986 667 1137 702 temere
1169 664 1372 703 insecutae
1404 664 1406 666 ’

699 732 856 785 Orphea
888 733 1012 773 siluae

640 810 724 844 arte
756 810 935 844 materna
966 805 1127 857 rapidos
1158 811 1379 846 morantem

639 877 848 916 fluminum
879 876 1013 929 lapsus
1046 877 1266 929 celerisque
1299 882 1459 931 uentos,
1820 887 1863 919 10

638 948 829 988 blandum
861 953 900 987 et
932 950 1081 988 auritas
1114 948 1259 988 fidibus
1291 950 1448 988 canoris

700 1019 846 1059 ducere
880 1018 1082 1071 quercus?

293 1122 366 1159 τίν’
390 1122 512 1169 ἥρωα,
538 1123 623 1158 τίνα
650 1120 687 1157 δ’
710 1121 834 1167 ἄνδρα
859 1121 1131 1167 κελαδήσομεν;
1255 1121 1276 1157 l
1292 1133 1364 1166 sq.:
1393 1122 1495 1158 ‘Hor.
1516 1124 1580 1168 (sc.
1602 1123 1713 1170 dixit)
1740 1135 1865 1161 acrem

292 1170 443 1207 tibiam'
479 1169 701 1214 Quintilian.
736 1169 856 1206 instit.
878 1169 963 1204 VII[
995 1173 1027 1214 2,
1055 1173 1075 1204 9
1174 1170 1218 1206 S:
1250 1169 1345 1206 Stat.
1372 1169 1439 1206 Th.
1465 1170 1482 1204 I
1505 1174 1570 1206 41:
1614 1182 1726 1216 quem
1761 1172 1866 1218 prius

292 1219 466 1264 heroum,
499 1218 596 1263 Clio,
630 1217 764 1253 dabis?
892 1217 914 1252 1
955 1216 1057 1253 Seru.
1085 1217 1131 1252 de
1162 1230 1211 1254 m.
1238 1217 1323 1253 Hor.
1350 1217 1419 1252 IIII
1447 1230 1483 1263 p.
1509 1222 1579 1254 468
1653 1218 1774 1257 Diom.
1795 1223 1862 1255 521

292 1266 434 1303 Victor.
459 1278 497 1311 p.
524 1270 591 1301 167
643 1266 689 1300 de
714 1277 761 1299 m.
789 1264 877 1300 Hor.
903 1276 939 1310 p.
965 1268 1031 1300 175
1178 1264 1202 1300 4
1227 1266 1271 1300 T:
1299 1264 1437 1301 Victor.
1467 1265 1512 1300 de
1543 1278 1592 1303 m.
1617 1266 1705 1302 Hor.
1731 1279 1768 1313 p.
1795 1271 1864 1303 176

293 1314 316 1350 5
345 1315 387 1351 S:
414 1314 520 1349 Lucr.
537 1313 605 1348 IIII
626 1316 712 1349 545:
742 1314 781 1348 et
799 1312 936 1358 gelidis
956 1311 1064 1358 cycni
1082 1313 1192 1348 nocte
1218 1312 1292 1347 oris
1319 1323 1363 1347 ex
1389 1312 1581 1348 Heliconis
1679 1314 1704 1349 6
1719 1326 1799 1359 sqq.
1821 1314 1865 1352 S:

294 1362 378 1398 Sen.
398 1362 495 1398 Med.
518 1364 724 1396 625—631:
749 1360 816 1395 ille
842 1359 994 1395 uocali
1017 1360 1167 1406 genitus
1189 1361 1364 1404 Camena,
1392 1359 1498 1395 cuius
1526 1361 1575 1395 ad
1601 1361 1761 1398 chordas
1786 1373 1865 1398 mo-

293 1409 450 1444 dulante
474 1409 618 1454 plectro
644 1408 789 1443 restitit
813 1409 1010 1453 torrens,
1038 1408 1175 1442 siluere
1202 1407 1347 1452 uenti3
1380 1407 1440 1442 cui
1466 1419 1533 1443 suo
1559 1410 1675 1444 cantu
1700 1409 1866 1446 uolueris

291 1457 424 1492 relicto
451 1456 575 1492 adfuit
598 1458 682 1492 tota
708 1455 960 1491 comitante
990 1454 1126 1498 silua,
1147 1454 1307 1490 Thracio
1328 1466 1480 1500 sparsus
1500 1455 1619 1492 iacuit
1636 1467 1704 1502 per
1722 1468 1835 1503 agros
1853 1457 1866 1506 Η

291 1504 415 1551 Apoll.
437 1503 514 1540 Sid.
536 1515 565 1540 c.
588 1508 620 1550 2,
642 1508 684 1539 71
701 1515 799 1548 sqq.:
827 1503 892 1548 qui
911 1505 1025 1538 cantu
1044 1502 1149 1538 flexit
1169 1502 1341 1547 scopulos
1368 1502 1575 1548 digitisque
1599 1504 1746 1540 canoris
1766 1516 1865 1540 com-

291 1552 392 1598 pulit
423 1551 601 1587 auritas
634 1552 682 1586 ad
714 1551 900 1596 plectrum
926 1561 1071 1586 currere
1105 1549 1268 1596 siluas,
1303 1561 1386 1585 cum
1415 1552 1561 1587 starent
1584 1551 1701 1588 Hebri
1730 1551 1865 1595 latices

294 1611 479 1645 cursuque
504 1599 625 1646 ligato
657 1598 867 1640 fluminis
900 1597 1055 1634 attoniti
1085 1609 1235 1634 carmen
1260 1597 1383 1644 magis
1409 1599 1512 1633 unda
1538 1598 1663 1635 sitiret
1770 1600 1795 1635 6
1821 1600 1865 1637 S:

292 1648 404 1695 Verg.
424 1658 482 1694 ge.
502 1648 643 1682 114882
671 1646 844 1692 gelidis
871 1645 1107 1682 conuallibus
1133 1645 1292 1681 Haemi
1392 1646 1513 1681 7—12
1540 1647 1584 1683 S:
1610 1647 1805 1683 Palladius
1824 1647 1866 1683 in

294 1696 398 1734 anth,
417 1695 498 1731 Lat.
520 1706 551 1731 c.
571 1698 654 1739 628,
676 1698 694 1729 1
711 1706 791 1739 sqq.
806 1694 867 1730 R:
899 1693 1093 1729 Threicius
1119 1693 1181 1738 (cf.
1202 1704 1315 1728 carm.
1336 1693 1352 1728 Ι
1379 1697 1434 1738 24,
1457 1695 1515 1739 13)
1542 1695 1732 1739 quondam
1757 1696 1865 1731 uates

292 1743 388 1779 fide
427 1742 592 1778 creditur
629 1753 795 1777 canora
833 1741 996 1777 mouisse
1029 1751 1158 1776 sensus
1191 1739 1333 1775 acrium
1363 1740 1543 1786 ferarum,
1584 1743 1699 1786 atque
1735 1753 1865 1778 amnes

292 1791 460 1826 tenuisse
491 1801 626 1836 uagos,
659 1790 725 1825 sed
751 1791 790 1825 et
815 1789 927 1824 alites
959 1788 1147 1833 uolantes,
1180 1789 1220 1823 et
1245 1788 1358 1823 surda
1384 1790 1498 1823 cantu
1524 1788 1734 1825 concitasse
1760 1801 1861 1826 saxa.

294 1838 595 1883 suauisonaeque
626 1838 758 1873 modos
790 1835 992 1872 testudinis
1024 1836 1175 1871 arbores
1208 1835 1268 1880 (cf.
1292 1835 1439 1871 cai-ml
1467 1839 1522 1882 24,
1546 1839 1604 1881 14)
1637 1838 1863 1882 sequutae

294 1886 469 1921 umbram
494 1886 664 1921 feruntur
689 1884 908 1930 praebuisse
928 1883 1008 1918 uati
1033 1885 1045 1929 ll
1070 1883 1192 1928 Apoll.
1215 1883 1291 1918 Sid.
1313 1882 1423 1928 epist.
1444 1883 1530 1918 VIII
1558 1887 1600 1919 11
1621 1896 1682 1920 uu.
1705 1888 1748 1920 19
1763 1896 1863 1930 sqq:

295 1934 476 1980 Orphea
497 1933 638 1978 ...qui
665 1944 756 1968 saxa
781 1934 820 1967 et
843 1932 979 1967 robora
1000 1959 1056 1967 ...
1076 1930 1276 1967 mollit...
1298 1942 1490 1966 canorus
1520 1933 1601 1967 arte
1701 1932 1720 1968 7
1737 1944 1791 1977 sq.
1819 1932 1863 1969 S:

295 1981 419 2027 Apoll.
441 1981 517 2017 Sid.
538 1981 647 2026 epist.
668 1980 754 2015 VIII
779 1984 812 2024 9,
831 1983 870 2015 5:
902 1980 1016 2024 poeta
1038 2007 1043 2014 .
1062 2007 1092 2014 ..
1113 1978 1441 2013 uocalissimus
1472 1980 1484 2025 ΙΙ
1515 1979 1627 2024 Verg.
1651 1979 1719 2015 ecl.
1746 1983 1779 2026 3,
1799 1984 1863 2016 46:

294 2029 487 2074 siluasque
520 2027 710 2072 sequentis
839 2027 931 2071 9sq.
960 2027 1003 2063 S:
1031 2026 1113 2062 Sen.
1134 2026 1241 2062 Herc.
1263 2026 1332 2061 fur.
1353 2029 1422 2060 572
1438 2037 1509 2070 sq.:
1548 2038 1645 2071 quae
1678 2026 1794 2063 siluas
1825 2029 1866 2063 et

294 2088 384 2112 aues
422 2086 587 2120 saxaque
625 2076 794 2110 traxerat
831 2086 919 2120 ars,
959 2085 1056 2118 quae
1092 2073 1320 2119 praebuerat
1356 2073 1628 2109 fluminibus
1665 2086 1815 2110 moras

294 2124 342 2160 11
359 2135 413 2168 sq.
439 2124 481 2159 T:
510 2123 611 2158 Seru.
632 2123 681 2157 ad
699 2133 757 2168 ge.
779 2123 794 2157 I
815 2126 883 2157 308
983 2122 1025 2158 S:
1058 2121 1180 2166 Apoll.
1203 2120 1279 2156 sid.
1301 2133 1331 2157 c.
1353 2125 1408 2165 23,
1431 2125 1515 2158 190:
1549 2121 1704 2158 aurita
1729 2122 1863 2169 chelyn

294 2172 494 2217 expetente
521 2170 618 2205 silua
643 2172 654 2216 ΙΙ
682 2174 737 2215 16,
757 2173 779 2204 3
794 2182 893 2215 sqq:
921 2169 1055 2214 chelyn
1080 2179 1177 2213 quae
1204 2180 1296 2204 saxa
1322 2168 1499 2213 sequacia
1518 2169 1670 2205 flectens
1690 2169 1864 2206 cantibus

294 2219 472 2254 auritos
505 2217 625 2253 erexit
656 2217 822 2253 carmine
853 2228 977 2252 muros
1014 2218 1026 2262 ΙΙ
1064 2216 1166 2252 anth.
1187 2217 1269 2252 Lat.
1294 2228 1324 2253 c.
1347 2220 1426 2263 114,
1448 2220 1468 2252 5
1484 2228 1537 2262 sq.
1552 2217 1614 2254 R:
1652 2218 1788 2254 Anfion
1806 2247 1815 2254 .
1831 2246 1839 2255 .
1854 2247 1862 2255 .

414 2322 449 2355 Ω
471 2338 513 2349 =
534 2318 1222 2365 ΛΒΟΒΕ<φψ)Βγὸλ’(λι)νπαια]

293 2378 606 2416 TETRACOLos
632 2378 758 2413 YMN'
783 2378 848 2413 DE
877 2377 1118 2413 LAVDIBVS
1146 2370 1316 2412 DEORV
1339 2377 1401 2412 ET
1425 2371 1626 2413 HOMINV‘
1644 2392 1665 2424 γ
1726 2376 1866 2414 PROS-

292 2432 568 2469 PHONETICE
594 2431 923 2468 TETRACOLOS.
949 2431 1155 2467 HYMNos
1181 2431 1244 2465 DE
1264 2430 1508 2466 LAVDIBVS
1528 2431 1736 2467 DEORVM
1753 2430 1864 2474 ATQ.

293 2495 408 2541 (omis.
425 2494 450 2539 z>
471 2491 707 2528 HOMINVM
727 2493 842 2536 (omis.
857 2492 881 2535 z)
902 2490 931 2526 λ’
981 2489 1353 2526 PROPHONETIOE
1374 2490 1576 2526 DicoLos
1596 2490 1662 2525 AD
1681 2483 1816 2526 MVSK
1837 2503 1865 2526 u

414 2553 435 2588 1
465 2581 472 2588 .
494 2563 580 2586 uem
599 2565 620 2596 γ
676 2550 807 2597 heroa]
827 2540 905 2587 bero
926 2561 987 2585 am
1007 2551 1030 2585 ὃ
1090 2549 1164 2584 lira
1183 2551 1228 2585 zu
1258 2549 1342 2584 lura
1362 2549 1514 2585 Seruius
1586 2549 1609 2583 2
1629 2549 1759 2585 Tibiae
1778 2550 1815 2585 B

295 2605 410 2642 sumis
430 2605 510 2640 AB
521 2604 796 2649 ODRyvnau
807 2605 1043 2650 sch.yquater
1071 2614 1193 2638 sumes
1210 2603 1459 2648 Ὲδλ’3σὴ.λφ
1479 2604 1510 2648 ()
1561 2602 1863 2639 caelebrarer

294 2660 479 2696 celebrare
499 2659 522 2693 δ
583 2657 665 2703 clyo
685 2668 730 2692 ⁷1⁵2
763 2656 865 2692 caelo
886 2657 1024 2692 Forum
1040 2662 1072 2693 et
1084 2658 1167 2701 fort.
1182 2657 1236 2692 131
1269 2656 1349 2691 celo
1369 2659 1404 2691 λι
1439 2656 1510 2691 clio
1529 2656 1567 2692 R
1671 2656 1695 2692 3
1721 2658 1752 2703 ()
1806 2667 1864 2693 re-

295 2714 396 2750 cinet
420 2713 473 2748 A1
483 2712 608 2747 BR22
621 2711 692 2747 sch.
707 2724 728 2756 γ
764 2710 904 2747 retinet
928 2711 983 2747 Ae
994 2711 1066 2746 01)
1079 2715 1121 2747 ut
1133 2711 1211 2746 uid.
1224 2710 1350 2745 νπιαῖ
1387 2708 1523 2745 recinit
1541 2709 1666 2746 Auar.
1682 2709 1864 2757 Fydmu

731 2768 747 2786 0

295 2796 318 2832 5
345 2795 499 2831 eliconis
525 2796 580 2831 R1
619 2793 802 2842 helicssnis
828 2796 852 2829 ὃ
924 2794 1027 2830 horis
1052 2807 1079 2830 u
1115 2793 1181 2837 iris
1207 2793 1244 2828 B
1353 2793 1376 2828 6
1409 2792 1543 2828 haemo
1569 2792 1717 2829 DRz'a
1752 2793 1863 2829 hemo

296 2850 375 2885 AB
388 2849 547 2894 OFydv
557 2861 617 2884 πα
717 2849 736 2884 7
764 2848 933 2883 insecute
959 2860 985 2884 u
1076 2848 1099 2883 9
1125 2848 1340 2882 maternara
1363 2846 1471 2892 pides
1498 2848 1538 2882 δι
1605 2846 1758 2882 rabidos
1783 2847 1813 2882 2¹,

296 2903 346 2938 10
371 2902 498 2947 lapsos
525 2902 623 2938 AiB
697 2902 836 2937 celeres
861 2914 888 2937 u
925 2901 1057 2937 celeris
1082 2905 1159 2937 cett.
1307 2901 1354 2936 11
1381 2901 1570 2935 Blandum
1594 2900 1862 2946 RPorph.Ac.

294 2956 492 2991 Pseudacr.
530 2956 681 2990 doctum
706 2955 858 2992 Seruius
929 2954 1104 2990 fidelibus
1129 2954 1242 2990 A1R1
1257 2959 1300 2991 ut
1311 2955 1390 2990 uid.
