2008 3230
276 176 396 212 XXVI
917 174 1203 212 PRAEFATIO.

562 289 751 328 Plorarcs
781 287 1065 337 Aquilouibus;

562 347 694 387 Audis
724 359 798 397 quo
829 348 991 396 strepitu
1021 348 1155 386 ianua.
1188 358 1261 395 quo
1291 357 1428 385 nemus

564 408 676 446 Inter
699 408 870 456 pulchra
900 409 1029 446 satum
1059 408 1156 444 tecta
1184 406 1377 454 remugiat

578 467 720 505 Ventis.
754 469 788 505 et
810 467 963 515 positas
992 468 1037 504 ut
1062 466 1203 515 ylaciet
1225 465 1337 504 uiues

517 561 521 565 ⁴
563 526 672 565 Puro
702 527 863 565 ‘numine
891 525 1072 574 Iuppiter
1085 522 1112 564 ’.Γ
1145 519 1221 577 (=
1237 518 1278 577 P)

569 585 779 635 Iuyratam
816 585 956 624 Veneri
978 595 1084 633 poue
1113 584 1338 632 superbiam

564 645 627 683 Ne
659 647 837 684 currente
867 647 968 683 retro
999 645 1110 692 fumis
1142 646 1203 682 eat
1232 645 1339 689 rota,-

566 704 660 743 Nou
690 706 725 743 te
754 704 974 752 Penelopen
1003 703 1205 751 difficilem
1226 703 1372 751 procis.

568 764 604 801 T
610 764 801 813 hyrrenus
829 764 967 812 yeuuit
990 773 1163 812 pareus,-

576 822 608 861 Ο
640 824 821 871 quamuis
850 834 973 871 neque
1003 825 1038 860 te
1065 832 1242 860 munera.
1273 832 1343 860 uec
1365 831 1513 870 preces.

569 881 654 921 Nec
684 883 824 920 tinctus
853 882 962 920 uiola
984 881 1119 930 pallor
1150 882 1377 919 amantium.

567 942 650 980 Nec
678 942 745 980 uir
774 941 909 979 Pieria
932 941 1086 989 paelice
1116 941 1276 979 saucius

568 999 731 1039 Curuat.
763 1000 1004 1048 supplicibus
1035 999 1112 1038 tuis

565 1059 726 1098 Parcas.
757 1069 827 1097 uec
856 1059 987 1108 riqicla
1016 1058 1170 1097 mollior
1199 1057 1351 1096 aesculo

562 1117 645 1157 Nec
674 1118 837 1157 Mauris
868 1119 1001 1157 animo
1032 1118 1163 1156 milior
1193 1118 1410 1166 anyuibus„

562 1177 655 1216 Nou
683 1177 753 1216 hoc
781 1188 932 1226 semper
963 1177 1035 1216 erit
1065 1178 1222 1216 liminis.
1260 1179 1330 1215 aut
1360 1188 1486 1225 aquae

566 1235 751 1276 Caelestis
773 1237 933 1286 patiens
964 1237 1089 1283 latus,-

275 1308 336 1346 Ex
378 1308 451 1346 hoc
493 1308 672 1358 exemplo
715 1307 834 1347 facile
873 1307 1142 1359 intellegitur,
1183 1309 1224 1346 et
1266 1320 1388 1357 quam
1427 1307 1616 1346 accurata
1655 1305 1850 1345 Mauortii

280 1367 550 1417 interpunctio
591 1367 715 1406 fuerit
754 1369 794 1406 et
835 1369 988 1418 quanta
1028 1366 1143 1406 nobis
1180 1380 1269 1405 eam
1305 1366 1381 1405 fide
1419 1365 1573 1404 librarii
1604 1363 1856 1405 tradiderint.

278 1427 327 1465 In
357 1426 704 1466 Mauortianorum
740 1426 868 1478 igitur
904 1426 1086 1466 codicum
1121 1438 1286 1464 numero
1325 1428 1419 1464 sunt
1456 1425 1622 1475 propter
1653 1423 1853 1476 subscrip-

272 1486 425 1525 tionem
460 1486 570 1525 codd.
602 1481 745 1537 AZ'gq
776 1486 940 1526 Taurin.
971 1487 1091 1524 Brux.
1123 1485 1281 1536 Regin.,
1313 1497 1393 1524 non
1424 1483 1740 1534 Phillippsianus
1771 1482 1841 1524 ille

278 1558 384 1585 nunc
414 1545 688 1584 Cheltenhami
715 1545 966 1596 adseruatus,
990 1545 1033 1583 in
1059 1557 1138 1595 quo
1165 1544 1404 1594 subscriptio
1430 1545 1591 1583 tantum
1615 1543 1768 1583 inserta
1793 1544 1855 1583 est

277 1616 320 1655 in
350 1616 447 1658 folio
479 1616 741 1667 interpolato:
779 1616 844 1655 hie
876 1616 983 1655 enim
1014 1615 1163 1656 ordinis
1195 1601 1263 1654 ᾗ]-
1288 1617 1329 1654 et
1360 1615 1498 1665 stirpis
1529 1615 1596 1654 Ru:
1627 1617 1688 1655 est
1717 1614 1855 1667 ibique

277 1676 323 1716 de
349 1689 396 1716 eo
422 1677 575 1728 agetur.
639 1675 827 1715 Ceterum
851 1676 946 1715 huic
971 1675 1087 1715 seriei
1112 1675 1244 1714 nescio
1273 1685 1325 1714 an
1350 1674 1555 1714 addendus
1582 1674 1636 1714 sit
1660 1671 1854 1715 codexo'.

1046 1771 1085 1809 A

396 1842 745 1882 Mauortianorum
780 1842 960 1882 codicum
992 1854 1097 1880 unus
1129 1842 1257 1893 igitur
1281 1843 1343 1881 est
1372 1841 1410 1880 A
1436 1842 1506 1892 qui
1530 1842 1579 1880 ut
1601 1841 1644 1880 in
1670 1841 1854 1893 epistulis

277 1902 449 1953 primum
483 1902 662 1941 ordinem
693 1903 881 1952 sectatur,
912 1902 972 1940 ita
1001 1902 1043 1939 in
1075 1901 1330 1953 carminibus,
1361 1901 1510 1952 epodis,
1549 1914 1579 1940 c.
1614 1913 1642 1941 s.
1675 1898 1849 1941 secundo

276 1962 405 2001 ordini
425 1961 748 2000 adnumerandus
774 1963 845 2011 est,
872 1960 980 2011 quod
999 1960 1161 2011 quidem
1181 1974 1228 1999 ex
1246 1961 1332 2010 ipso
1355 1960 1491 1999 ordine
1510 1960 1707 2000 librorum
1725 1961 1850 2012 patet,

277 2021 347 2071 qui
384 2033 474 2059 cum
500 2015 687 2072 B'c'ng
728 2021 769 2059 et
799 2020 1073 2070 Porphyrione
1105 2020 1303 2060 conuenit.
1367 2020 1493 2069 Epod.
1530 2021 1672 2070 11,16
1705 2019 1854 2060 librum

275 2080 539 2129 archetypum
575 2075 652 2117 Ax
684 2079 912 2118 uncialibus
944 2079 1092 2118 litteris
1118 2079 1313 2130 scriptum
1338 2079 1463 2118 fuisse
1489 2079 1694 2128 docemur,
1726 2092 1775 2118 ex
1804 2078 1854 2118 ἘΙ

276 2139 382 2177 enim
418 2139 571 2177 factum
605 2139 665 2177 est
699 2138 747 2190 U,
781 2152 828 2178 ex
858 2140 985 2177 uentis
1015 2151 1150 2177 uenus.
1215 2138 1346 2177 Codex
1385 2151 1409 2176 a
1440 2138 1531 2176 inde
1563 2150 1588 2176 a
1613 2150 1645 2176 c.
1669 2137 1712 2176 Π
1739 2139 1777 2188 5,
1800 2140 1852 2178 16

277 2211 404 2248 usque
425 2198 475 2236 ad
493 2197 605 2247 epod.
624 2199 688 2248 16,
711 2199 735 2237 8
756 2198 883 2237 codici
902 2197 939 2236 A
959 2198 1210 2248 secundoque
1231 2197 1360 2237 ordini
1380 2199 1466 2236 tam
1487 2198 1573 2236 arte
1592 2209 1633 2236 se
1653 2197 1852 2249 adiungit,

279 2259 328 2295 ut
353 2253 400 2295 A'
425 2257 526 2295 strui
551 2256 679 2307 possit
710 2252 810 2306 (uid.
838 2257 952 2296 discr.
979 2253 1393 2312 classium),lsecundi
1427 2256 1576 2296 ordinis
1601 2256 1855 2309 septimique,

282 2316 324 2355 ni
349 2317 480 2367 fallor,
514 2316 663 2355 saeculi
694 2316 806 2355 liber.

400 2376 536 2415 Bonae
581 2375 772 2415 lectiones
814 2375 855 2413 in
892 2375 929 2414 A
970 2375 1232 2414 inueniuntur
1271 2375 1380 2413 haud
1420 2387 1593 2425 paucae,
1637 2376 1686 2413 ut
1721 2373 1855 2423 fulsuh‘s

279 2448 311 2474 c.
331 2435 412 2473 IIII
433 2437 471 2487 2,
494 2436 560 2475 60.
596 2432 717 2483 equo‘s
742 2448 772 2474 c,
792 2435 875 2473 ΠΠ
896 2437 933 2486 3,
954 2437 992 2474 4.
1017 2438 1176 2483 penatis
1201 2447 1232 2473 c.
1252 2435 1293 2472 II
1313 2436 1351 2485 4,
1375 2436 1440 2474 15.
1464 2434 1526 2472 III
1549 2436 1615 2485 14,
1637 2436 1675 2473 3.
1703 2436 1854 2485 23,19.

279 2496 501 2534 dauwuium
537 2507 568 2533 c.
599 2493 683 2532 ΙΙΠ
713 2495 780 2544 15,
804 2496 855 2532 21
904 2489 970 2546 (in
1011 2494 1106 2533 solis
1146 2488 1278 2547 A'R).
1333 2505 1512 2532 umerum
1547 2506 1579 2532 c.
1605 2493 1668 2531 III
1697 2494 1764 2545 20,
1787 2494 1852 2534 14.

285 2555 426 2602 ferocis
458 2567 488 2592 c.
520 2553 582 2591 ΙΠ
603 2555 640 2605 2,
663 2555 699 2592 3.
732 2554 891 2592 clientae
915 2566 945 2592 c.
972 2553 1014 2590 II
1036 2555 1101 2604 18,
1123 2554 1147 2591 8
1181 2547 1243 2604 (in
1269 2553 1364 2591 solis
1389 2546 1498 2606 AB).
1542 2552 1697 2601 fuqacis
1721 2565 1753 2592 c.
1772 2553 1856 2591 ΙΙΠ

282 2616 318 2665 6,
340 2615 407 2652 33.
439 2614 639 2651 delmatico
670 2625 701 2652 c.
732 2613 908 2664 111,16
948 2607 1024 2666 (sic
1061 2608 1145 2663 A'1,
1170 2612 1230 2650 A2
1269 2606 1420 2665 dalm.)
1472 2612 1582 2650 aedis
1623 2624 1655 2651 c.
1685 2611 1748 2650 HI
1769 2615 1806 2663 6,
1828 2614 1852 2652 3

286 2669 395 2725 (A'B
428 2666 533 2725 soli).
577 2673 726 2711 hostilis
757 2672 869 2722 epod.
897 2674 934 2722 5,
956 2673 1023 2711 53.
1062 2676 1166 2710 acris
1192 2671 1303 2721 epod.
1335 2673 1400 2722 12,
1424 2672 1489 2710 25.
1520 2682 1723 2720 praeynas
1748 2671 1856 2710 e.III

282 2735 349 2782 27,
371 2734 394 2770 2
430 2726 611 2785 (A‘BR).
657 2734 784 2770 teretis
815 2744 846 2770 c.
877 2731 919 2769 II
940 2733 977 2782 4,
997 2733 1065 2770 21.
1110 2732 1172 2770 dis
1208 2743 1239 2769 c.
1266 2742 1294 2769 s,
1331 2732 1367 2770 7.
1412 2731 1568 2779 opsoleti
1600 2743 1630 2770 c.
1662 2730 1704 2768 II
1727 2732 1793 2783 10,
1814 2733 1851 2771 6.

280 2796 406 2829 omnis
437 2804 468 2830 o.
494 2790 535 2828 II
557 2793 593 2842 9,
618 2792 670 2829 14
704 2785 795 2844 (Ag
806 2786 901 2844 λ’σ).

399 2850 551 2888 Verum
588 2850 710 2888 etiam
746 2851 848 2889 tales
884 2850 1073 2889 lectiones
1103 2849 1375 2899 inrepserunt,
1416 2849 1556 2899 quales
1590 2849 1855 2898 posteriorem

292 2911 466 2948 aetatem
498 2911 538 2947 et
569 2910 781 2960 uulgarem
813 2921 1033 2948 sermonem
1064 2909 1239 2959 sapiunt,
1270 2909 1320 2946 ut
1349 2910 1541 2947 ammouis
1571 2921 1644 2958 pro
1677 2909 1861 2948 admoues

282 2982 314 3010 c.
350 2968 411 3008 III
451 2971 519 3019 21,
562 2970 627 3008 13.
679 2970 796 3018 tinyet
840 2982 911 3020 pro
959 2970 1108 3018 linquet
1151 2981 1182 3011 c,
1220 2967 1282 3006 III
1323 2969 1389 3018 23,
1430 2969 1495 3008 13.
1542 2969 1691 3018 ‚cnidon
1727 2981 1757 3009 o.
1796 2967 1859 3007 111
