2008 3230
822 166 1109 203 PRAEFATIO.
1586 166 1759 203 XXXVII

165 295 252 323 sore
282 296 354 334 pro
386 283 635 334 reliquorum
665 281 849 322 codicum
880 293 954 330 quo
985 292 1215 330 responsore
1247 282 1288 320 et
1319 281 1463 319 cubital
1487 293 1561 330 pro
1589 279 1758 320 cubitale

166 356 195 382 8.
215 343 257 382 H
277 345 315 395 3,
338 344 435 395 255,
459 343 531 382 ubi
555 341 739 382 lectionis
760 342 904 381 cubital
929 341 1053 380 etiam
1072 340 1326 391 Porphyrion
1351 340 1467 379 testis
1488 341 1549 379 est
1569 342 1611 379 et
1630 340 1753 379 codex

166 417 194 455 g
230 416 310 443 non
342 404 502 449 cubital,
541 402 610 442 sed
646 402 811 441 cubitale
847 401 980 441 habet.
1041 402 1103 440 Ex
1132 400 1410 451 Porphyrione
1443 399 1649 451 Cruquius
1684 400 1756 451 qui

166 463 327 503 scholiis
348 463 525 503 studiose
546 474 709 513 operam
727 461 861 513 dabat,
888 461 1103 501 lectionem
1122 460 1237 500 illam
1257 460 1494 512 cognouisse
1514 472 1685 511 eamque
1710 462 1757 498 ut

165 523 293 563 codici
330 523 401 562 Vl
443 523 645 573 'propriam
686 521 917 561 uenditasse
957 521 1165 572 putandus
1205 522 1276 560 est.
1345 520 1430 559 Nec
1472 520 1607 559 minus
1651 520 1755 558 illud

165 579 256 632 ‘quo
285 595 350 622 res
379 578 579 632 sponsore'
610 582 738 632 ipsius
764 581 935 632 Oruquii
965 581 1113 621 bonam
1145 581 1419 620 coniecturam
1452 592 1536 619 esse
1566 580 1656 619 ueri
1696 581 1757 619 est

134 689 137 692 Δ
168 641 433 683 81111111111111111.

280 703 355 742 Η18
379 701 619 742 lectionibus
645 701 908 741 adnumerare
933 701 1029 741 licet
1048 713 1127 753 eas,
1155 713 1260 752 quae
1286 700 1328 738 in
1353 699 1517 738 tribus
1543 699 1750 739 codicibus

165 762 390 802 Blandiniis
421 762 611 801 inuentae
644 773 728 801 esse
760 762 949 801 feruntur
978 761 1238 800 falsissimae:
1279 759 1394 810 epist.
1421 759 1441 798 Ι
1470 760 1536 811 18,
1568 761 1620 798 19
1655 760 1755 798 doli-

167 823 271 868 chos,
310 822 424 873 epist.
450 822 471 861 Ι
499 823 572 873 15,
601 822 656 860 24
687 822 888 872 phaeyaoe,
928 834 1048 860 carm.
1074 820 1159 859 ΠΙΙ
1188 822 1232 872 1,
1262 821 1318 859 10
1341 820 1588 869 porphyreis.
1651 819 1756 858 Item

166 882 269 921 illud
301 882 410 933 quod
440 880 643 932 Oruquius
675 881 727 920 ad
758 894 789 920 c.
815 881 878 920 III
905 882 943 933 5,
973 883 1025 920 27
1060 881 1195 933 refert,
1234 880 1277 919 in
1309 879 1514 919 codicibus
1547 879 1631 918 suis
1664 879 1755 917 ubi—

167 955 245 993 que
278 942 456 982 exhiberi
487 942 659 981 formam
691 942 918 990 dampnum.

286 1002 391 1042 Solis
416 1001 466 1040 iis
491 1001 602 1053 locis,
631 1001 777 1052 quibus
801 1001 834 1039 V
854 1014 946 1040 cum
972 1000 1142 1053 singulis
1169 1014 1215 1040 ex
1236 999 1468 1039 melioribus
1496 999 1662 1039 secundi
1692 1002 1755 1038 or-

165 1061 270 1100 dinis
295 1061 467 1100 testibus
487 1061 699 1113 consentit,
724 1062 799 1100 aut
823 1074 915 1100 cum
933 1061 967 1100 B
995 1062 1067 1100 aut
1092 1074 1184 1100 cum
1205 1060 1235 1099 C
1261 1062 1334 1099 aut
1352 1081 1402 1086 ——
1420 1059 1463 1098 in
1491 1059 1679 1110 epistulis
1695 1081 1754 1086 —-

164 1134 257 1161 cum
275 1121 321 1172 Ε,
348 1121 512 1160 secundi
532 1121 682 1160 ordinis
702 1121 825 1160 codex
845 1123 937 1161 ante
959 1122 1096 1160 oculos
1115 1121 1282 1171 ponitur
1301 1119 1520 1159 admodum
1541 1119 1751 1170 antiquus,

163 1181 359 1221 librorum
389 1178 507 1219 BCV
538 1182 612 1218 aut
642 1180 722 1218 EV
753 1180 871 1231 quasi
900 1183 1034 1232 pater,
1070 1180 1142 1231 qui
1172 1180 1241 1219 uel
1273 1179 1584 1218 aduersantibus
1617 1179 1751 1229 prima

164 1240 367 1291 tertiaque
416 1240 611 1279 classibus
659 1252 777 1279 ueras
827 1253 1134 1291 nonnumquam
1182 1240 1360 1279 testatur
1408 1238 1613 1278 lectiones.
1693 1239 1750 1277 At

164 1313 323 1340 summa
352 1299 502 1339 iniuria
532 1300 655 1339 codex
684 1300 723 1338 V
753 1300 838 1350 ipse
869 1300 1126 1350 potissimum
1157 1300 1200 1338 in
1231 1298 1373 1346 critica
1401 1298 1630 1338 Horatiana
1663 1299 1747 1337 fac-

164 1360 324 1400 titanda
347 1360 479 1399 lucem
496 1359 686 1410 praebere
705 1362 887 1412 putatur,
914 1359 1124 1411 siquidem,
1150 1361 1199 1398 ut
1224 1372 1297 1411 ego
1324 1359 1550 1410 numeraui,
1575 1358 1618 1397 in
1639 1370 1749 1398 sexa-

166 1421 282 1472 ginta
320 1419 540 1459 lectionum
576 1433 743 1459 numero
780 1420 1058 1471 undeuicenis,
1099 1420 1187 1471 ipso
1226 1419 1408 1469 Hauptio
1448 1420 1613 1458 auctore
1653 1418 1751 1458 duo-

165 1479 277 1519 denis
307 1480 376 1519 uel
406 1479 532 1518 ternis
563 1479 686 1531 denis,
723 1479 837 1519 falsis
867 1480 1107 1531 inquinatus
1139 1481 1217 1531 est,
1256 1492 1361 1530 quae
1400 1491 1495 1518 sane
1527 1478 1750 1518 tristissina

165 1539 343 1580 condicio
377 1541 455 1590 est3
487 1539 618 1578 multo
650 1539 796 1578 melius
822 1552 1037 1590 sequemur
1059 1539 1149 1592 BR,
1181 1539 1253 1590 qui
1278 1540 1320 1578 in
1350 1551 1644 1590 sexagenamm
1670 1539 1748 1578 lec-

162 1599 322 1638 tionum
358 1612 524 1638 numero
561 1599 686 1638 falsas
726 1599 908 1639 exhibere
947 1600 1078 1639 solent
1114 1602 1268 1651 ternas,
1306 1599 1366 1638 ita
1397 1601 1446 1637 ut
1476 1598 1551 1638 hac
1589 1598 1749 1638 ratione

164 1659 237 1698 illa
267 1659 413 1710 altera,
452 1671 534 1709 qua
565 1658 602 1696 V
638 1659 947 1709 praeferendum
982 1661 1163 1710 censent,
1203 1660 1348 1710 quater
1379 1660 1605 1708 superetur.
1670 1658 1751 1697 Eo-

165 1731 255 1770 dem
288 1731 412 1770 ferme
449 1730 566 1770 modo
597 1743 661 1769 res
693 1743 734 1769 se
765 1731 904 1783 habet,
945 1731 1106 1781 quando
1145 1731 1283 1770 classis
1314 1731 1335 1769 Ι
1367 1732 1408 1769 et
1438 1730 1479 1768 II
1514 1731 1657 1769 contra
1689 1730 1753 1768 ΙΙΙ

165 1790 442 1840 consentiunt3
474 1802 568 1829 nam
599 1790 705 1830 inter
736 1802 956 1842 sexagenas
981 1791 1174 1830 lectiones
1199 1793 1338 1830 ternae
1364 1790 1492 1829 falsae
1519 1792 1751 1829 occurrunt,

167 1861 519 1902 consentientibus
550 1862 745 1902 classibus
775 1862 817 1901 II
848 1864 889 1901 et
915 1863 978 1901 III
1003 1863 1110 1902 inter
1135 1875 1355 1915 sexagenas
1380 1851 1574 1901 lectiones
1600 1874 1753 1912 prauae

167 1936 263 1974 sunt
293 1947 423 1986 senae,
455 1933 799 1973 consentientibus
830 1934 851 1973 I
883 1936 924 1974 et
954 1935 1017 1974 ΙΠ
1049 1936 1250 1985 septenae.

288 1994 440 2042 Quodsi
476 1995 678 2034 famosum
714 1994 832 2033 illum
863 1995 1013 2046 locum,
1051 1994 1123 2033 ubi
1160 2007 1232 2045 pro
1270 2006 1370 2033 uera
1401 1993 1574 2033 lectione
1606 1994 1756 2032 rabiosi

166 2058 339 2104 tempora
382 2055 485 2104 siym'
528 2055 656 2093 altera
686 2054 779 2094 ,ista
823 2067 1005 2104 campwm
1055 2056 1221 2103 lusitque
1271 2052 1516 2103 (lusumque)
1568 2054 1755 2103 trigonam

166 2115 412 2165 interpolata
439 2115 499 2154 est
525 2109 660 2168 (serm.
679 2114 699 2153 I
727 2117 764 2167 6,
788 2116 885 2161 126,
918 2115 966 2154 cf.
995 2127 1042 2154 ea
1069 2127 1172 2165 quae
1198 2115 1318 2154 modo
1345 2107 1637 2167 exposuimus),
1664 2113 1752 2152 dili-

167 2188 308 2239 genter
339 2186 648 2238 consideramus,
681 2199 728 2225 ex
753 2187 945 2238 corrupta
969 2200 1068 2226 uera
1093 2187 1278 2238 lectione,
1312 2199 1415 2237 quae
1441 2186 1484 2225 in
1510 2185 1708 2225 classibus
1734 2185 1754 2223 I

166 2261 206 2298 et
237 2258 300 2298 III
340 2260 381 2297 et
421 2258 463 2296 in
504 2255 642 2297 6'u'V
676 2270 763 2297 uar.
796 2258 956 2310 integra
993 2260 1156 2298 seruata
1195 2260 1300 2311 erat,
1338 2271 1419 2298 non
1457 2258 1541 2297 sine
1581 2257 1754 2296 audacia

166 2331 315 2358 nouam
347 2317 529 2368 aliquam
566 2317 751 2357 uidemus
789 2318 1047 2370 fabricatam,
1085 2331 1207 2370 quae,
1248 2318 1282 2358 si
1319 2330 1542 2357 sermonem
1581 2319 1753 2369 spectaS,

166 2378 288 2417 medii
326 2378 418 2417 aeui
454 2378 609 2417 redolet
642 2377 878 2418 barbariem.
934 2379 1043 2430 Ergo
1075 2379 1240 2417 minime
1267 2378 1457 2417 audiendi
1483 2379 1579 2417 sunt
1605 2378 1646 2429 ii,
1681 2377 1752 2428 qui

166 2439 332 2489 propter
362 2438 468 2476 hunc
499 2438 633 2488 ipsum
663 2438 798 2478 locum
829 2438 935 2477 inter
965 2438 1112 2478 Horati
1143 2438 1297 2478 codices
1332 2438 1499 2488 plurimi
1533 2438 1752 2477 aestimant

169 2497 323 2537 codices
357 2497 437 2549 Vg.
500 2498 628 2537 Immo
660 2511 757 2537 uero
796 2498 918 2538 codex
949 2498 987 2537 V
1018 2499 1180 2538 omnino
1220 2498 1271 2537 ad
1301 2511 1386 2537 rem
1418 2497 1600 2537 criticam
1633 2497 1750 2536 mini-

167 2571 278 2596 mum
321 2558 458 2596 ualere
502 2558 709 2608 putandus
752 2559 830 2609 est,
880 2558 1030 2609 quippe
1072 2559 1187 2597 cuius
1227 2558 1419 2597 lectiones
1465 2557 1584 2596 nimis
1631 2570 1750 2607 parce

166 2630 390 2668 parumque
428 2617 642 2669 diligenter
678 2631 703 2656 a
735 2616 913 2668 Gruquio
950 2620 1223 2657 memorentur
1254 2618 1514 2668 Cruquioque
1549 2616 1629 2667 ipsi
1660 2616 1748 2654 ubi-

168 2690 246 2727 que
271 2677 389 2716 fidem
413 2677 560 2716 habere
585 2690 665 2716 non
690 2677 901 2728 possimus.
960 2678 1007 2716 Id
1032 2691 1161 2716 unum
1186 2677 1404 2717 tenendum
1429 2679 1501 2728 est,
1533 2676 1575 2714 in
1603 2688 1750 2715 sermo-

169 2736 298 2788 nibus,
330 2737 527 2792 epistulis,
559 2739 644 2776 arte
672 2737 832 2787 poetica
858 2737 1034 2776 codicem
1059 2738 1096 2774 V
1122 2737 1286 2776 secundi
1311 2736 1461 2775 ordinis
1488 2735 1625 2786 fuisse,
1658 2748 1750 2775 cum

168 2807 211 2846 in
243 2807 485 2847 carminibus
517 2822 566 2847 ne
598 2821 723 2847 unam
755 2808 917 2859 quidem
948 2809 989 2846 II
1021 2808 1170 2846 ordinis
1202 2807 1412 2847 lectionem
1446 2807 1670 2858 propriam,
1707 2807 1751 2846 in

171 2866 309 2917 epodis
346 2880 469 2906 unam
501 2862 595 2920 (16,
623 2862 698 2921 33)
736 2868 901 2919 habeat3
943 2868 991 2906 cs,
1031 2867 1209 2918 discript.
1249 2866 1449 2906 classium.
1511 2867 1616 2906 Item
1647 2881 1675 2919 g
1707 2867 1751 2906 in
1801 2863 1805 2867 ’

169 2926 418 2966 sermonibus
456 2928 495 2965 et
534 2927 718 2977 epistulis
758 2928 921 2978 secundi
959 2926 1109 2966 ordinis
1147 2929 1224 2979 est,
1262 2927 1306 2966 in
1337 2927 1423 2966 arte
1461 2926 1620 2978 poetica
1651 2940 1748 2967 uero

171 2999 336 3039 prorsus
363 2986 506 3025 deficit.
568 2987 713 3037 Itaque
739 2987 773 3026 si
799 2987 945 3027 codicis
970 2987 1008 3025 V
1034 2989 1277 3039 accuratam,
1309 2986 1543 3039 diligentem
1572 2987 1750 3037 plenam-
