2002 3224
314 137 403 179 290
891 139 1078 175 HORATI
1101 140 1298 177 EPODON

599 250 823 304 iucundior,
855 263 973 302 quam
1005 251 1106 292 lecta
1136 252 1183 291 de
1215 253 1489 304 pinguissimis
1839 261 1884 294 55

659 321 761 361 oliua
794 324 915 362 ramis
949 322 1147 377 arborum,

599 397 666 431 aut
697 392 819 432 herba
850 393 998 446 lapathi
1029 399 1141 447 prata
1173 396 1340 435 amantis
1373 400 1412 434 et
1443 396 1556 446 graui

658 464 812 504 maluae
845 465 1025 505 salubres
1057 468 1226 520 corpori,

598 535 663 574 uel
695 549 794 589 agna
826 537 938 577 sestis
971 550 1085 578 caesa
1116 538 1407 578 Terminalibus

657 607 723 646 uel
754 608 904 648 haedus
937 614 1097 662 ereptus
1128 609 1232 663 lupo.
1837 620 1883 653 60

598 678 668 718 has
702 680 807 719 inter
838 680 974 733 epulas
1007 686 1050 720 ut
1081 682 1192 720 iuuat
1222 686 1355 733 pastas
1388 683 1475 721 ouis

657 750 795 790 uidere
828 755 1081 804 properantis
1113 753 1286 807 domum,

597 821 736 861 uidere
769 822 895 862 fessos
928 835 1133 863 uomerem
1164 825 1370 864 iuuersum
1402 824 1527 865 boues

656 892 756 932 collo
788 894 984 934 trahentis
1016 895 1214 949 langiudo,

596 970 810 1017 postosque
843 979 1000 1020 uernas,
1032 967 1127 1007 ditis
1159 979 1325 1007 examen
1357 967 1511 1022 domus,
1838 978 1885 1011 65

656 1037 807 1076 circum
839 1038 1059 1078 renidentis
1090 1036 1240 1078 Lares?

596 1107 694 1147 llaec
726 1107 794 1147 uhi
826 1108 981 1149 locutus
1014 1110 1238 1149 faenerator
1263 1109 1398 1164 Alfius,

656 1180 815 1218 iamiam
847 1180 1005 1220 futurus
1037 1182 1224 1235 rusticus,

597 1264 755 1291 omnem
789 1251 942 1304 redegit
972 1252 1108 1292 Idibus
1139 1254 1362 1306 pecuniam,

655 1325 811 1375 quaerit
841 1323 1029 1363 Kalendis
1059 1336 1221 1376 ponere.
1837 1337 1882 1369 ἰο

577 734 597 759 0

407 1475 457 1510 58
484 1474 527 1510 S.
553 1473 664 1510 Mart.
690 1474 723 1509 X
748 1477 805 1519 48,
820 1478 839 1509 ’1
857 1486 929 1519 sq.:
966 1475 1234 1510 exoneraturas
1266 1476 1436 1510 uentrem
1466 1474 1561 1511 mihi
1590 1475 1707 1513 uilica
1738 1477 1884 1514 maluae

311 1523 443 1559 attulit
563 1521 614 1557 59
641 1522 684 1558 S:
712 1521 779 1558 Οιι.
805 1522 892 1559 fast.
918 1522 954 1557 II
979 1525 1065 1559 655:
1101 1522 1292 1567 spargitur
1317 1524 1356 1558 et
1388 1533 1522 1558 caeso
1548 1524 1755 1560 communis
1780 1525 1886 1562 'Per-

308 1569 457 1606 minus
484 1580 602 1615 agno
718 1570 769 1606 60
796 1570 839 1607 S:
866 1570 977 1606 Mart.
1002 1570 1036 1605 X
1061 1573 1118 1616 48,
1141 1574 1204 1606 14:
1229 1569 1402 1606 haedus
1427 1569 1624 1606 inhumani
1647 1573 1810 1619 raptus
1836 1573 1885 1610 ab

309 1630 372 1654 ore
396 1618 495 1664 lupi
592 1617 643 1652 63
658 1629 712 1663 sq.
737 1618 781 1654 T:
808 1618 910 1654 Seru.
938 1618 986 1653 ad
1012 1617 1078 1654 ecl.
1100 1600 1134 1663 2⁷,
1148 1622 1193 1654 66
1244 1618 1286 1654 8·
1313 1617 1448 1672 Porph.
1471 1621 1666 1664 comparat
1684 1620 1796 1657 Ver.
1816 1621 1885 1658 eol.

304 1671 340 1711 2,
362 1671 424 1703 66:
458 1665 585 1712 aspice
617 1668 745 1701 aratra
769 1665 858 1711 iugo
883 1666 1052 1701 referunt
1076 1676 1257 1711 suspensa
1281 1665 1432 1701 iuuenci
1553 1666 1603 1702 65
1618 1679 1662 1712 sq
1665 1667 1745 1705 .S:

304 1696 360 1750 '11'1
379 1718 436 1761 58,
458 1719 502 1750 22
517 1726 590 1759 sq.:
628 1712 785 1758 cingunt
810 1724 981 1748 serenum
1005 1713 1121 1749 lactei
1145 1713 1270 1748 focum
1294 1724 1462 1749 uernae
1487 1715 1527 1749 et
1550 1714 1660 1760 larga
1683 1714 1802 1751 festos
1826 1715 1883 1751 lu-

308 1764 369 1798 cet
394 1744 444 1798 ad
469 1763 609 1798 Lares
636 1760 735 1796 silua.
852 1760 903 1796 65
930 1762 973 1798 S:
999 1760 1081 1797 Tib
1106 1761 1142 1795 H
1169 1765 1200 1805 1,
1220 1764 1284 1797 23.
1310 1760 1497 1805 turbaque
1522 1773 1733 1809 uemarum,
1759 1763 1879 1799 saturi

307 1810 408 1846 bona
434 1810 544 1856 signa
569 1808 693 1844 coloni
813 1809 862 1844 67
891 1809 937 1845 cf.
965 1808 1173 1844 Columella
1198 1820 1226 1844 r.
1252 1820 1280 1844 r.
1307 1809 1323 1842 I
1351 1814 1381 1853 7,
1403 1812 1441 1844 2:
1471 1808 1533 1844 uel
1558 1808 1703 1854 optima
1726 1810 1881 1846 nomina.

306 1869 382 1894 non
415 1855 644 1904 appellando
671 1855 751 1891 fieri
775 1856 879 1892 mala
902 1856 1171 1891 faenerator
1195 1854 1347 1890 Alfius
1379 1854 1520 1891 dixisse
1547 1855 1742 1893 uerissime
1766 1857 1885 1894 fertur

427 1992 463 2025 ,Ω
489 2007 533 2020 =
559 1975 603 2026 A
615 1988 710 2033 (Aa)
720 1986 1222 2033 GF(q21p)Ryax(iz)vnu]
1310 1986 1360 2022 55
1386 1998 1510 2023 uocem
1529 1985 1726 2024 iucundior
1744 1993 1889 2026 watene-

307 2044 407 2080 denti
431 2044 557 2079 uersui
581 2042 796 2078 adscribunt
814 2041 921 2086 Βγν,
947 2042 1069 2076 omisit
1087 2041 1140 2086 δι,
1166 2039 1363 2075 Iocundior
1388 2041 1465 2076 ‘0032
1478 2052 1562 2087 my„
1586 2040 1787 2078 Iucundior
1804 2047 1885 2080 cett.

354 2096 471 2143 lecta]
497 2096 578 2144 leta
602 2095 656 2131 A1
747 2094 794 2129 de
818 2093 1094 2141 pinguissimis]
1122 2092 1358 2138 deposcimus
1379 2093 1452 2129 A'1
1491 2094 1538 2129 de
1562 2093 1834 2140 pinguissimus
1853 2096 1884 2133 11

308 2148 590 2197 depingissimis
615 2148 653 2184 R
762 2147 812 2183 57
840 2147 918 2194 Aut
942 2149 966 2182 ὃ
1061 2146 1210 2192 lapathi
1234 2146 1477 2183 A'CRadz'v
1519 2147 1642 2193 lapati
1666 2159 1694 2184 w
1735 2148 1886 2195 laphati

309 2205 411 2250 Fyn
448 2202 628 2253 lapggathi
652 2203 701 2247 R,
727 2223 774 2239 ..A
800 2203 846 2238 ab
872 2202 935 2238 alt.
965 2213 1009 2236 m.
1108 2200 1159 2237 59
1186 2211 1272 2236 cesa
1296 2212 1382 2246 yvu-
1466 2200 1782 2250 terminabilib;·‹5
1797 2206 1884 2239 ante

306 2270 379 2295 ras.
484 2258 534 2293 60
561 2256 705 2292 haedus
734 2256 821 2292 Ολα
869 2255 988 2290 hedus
1014 2254 1294 2290 AFRavnzu
1343 2254 1435 2289 edus
1460 2267 1481 2300 γ
1595 2254 1774 2301 hereptus
1799 2255 1837 2292 A

308 2311 357 2347 61
386 2311 517 2360 epulas
545 2311 585 2346 F
631 2309 787 2355 aepulas
813 2312 832 2344 λ
918 2309 976 2355 ut]
1003 2309 1042 2343 et
1070 2308 1176 2353 Gzya
1189 2319 1281 2344 corr.
1379 2307 1461 2342 ouis
1490 2307 1560 2343 012
1608 2307 1706 2343 iouis
1731 2309 1746 2345 1
1793 2319 1884 2344 oues

306 2369 385 2401 cett.
410 2365 453 2401 02
526 2364 576 2400 62
592 2364 744 2399 domum
763 2365 1008 2409 properantes
1028 2374 1055 2397 u
1126 2360 1363 2407 properantis
1379 2360 1516 2397 G'Rvn
1540 2362 1786 2407 properantes
1800 2366 1882 2399 cett.

354 2418 405 2454 63
431 2418 560 2464 fessos,
581 2419 745 2464 primum
771 2428 788 2452 s
813 2418 856 2453 in
879 2427 964 2461 ras„
990 2415 1029 2451 R
1126 2413 1176 2450 64
1203 2414 1388 2450 trahentis
1417 2415 1491 2460 ς(μ
1500 2416 1535 2460 ρ)
1579 2414 1774 2451 trahentes
1801 2417 1836 2451 Ω

307 2501 496 2548 languido,
522 2514 545 2536 N
569 2502 612 2537 in
635 2512 722 2545 raa,
748 2501 772 2535 δ
868 2499 920 2535 65
945 2471 1114 2543 Poslzosq.
1141 2498 1178 2533 R
1220 2496 1441 2542 Positosque
1466 2501 1544 2533 cett.
1560 2497 1627 2533 Ac.
1641 2498 1721 2534 uid.
1736 2497 1883 2545 Epileq.

356 2555 407 2591 66
427 2553 633 2590 renidentis
654 2555 692 2589 δι
708 2558 842 2599 autpr.
856 2558 899 2589 ut
910 2553 990 2588 uid.
996 2552 1202 2601 πς<μρ92)
1239 2549 1437 2586 renitentis
1456 2550 1495 2586 R
1531 2549 1745 2586 renidentes
1755 2555 1833 2588 cett.
1843 2551 1885 2587 δε

356 2609 455 2644 lares
480 2609 523 2644 in
546 2619 619 2644 ras.
641 2609 664 2642 δ
767 2607 815 2643 67
843 2607 947 2642 Haec
971 2604 1038 2640 ubi
1062 2605 1099 2640 lo
1125 2605 1149 2639 ὃ
1172 2605 1215 2641 in
1238 2615 1312 2640 ras.
1387 2602 1617 2648 loquutusa
1713 2603 1886 2640 faenera-

306 2664 367 2698 tor
394 2662 449 2698 C'v
498 2661 712 2697 foenerator
735 2661 812 2707 γαῖ
858 2660 1007 2695 fenator
1031 2660 1071 2695 δι
1121 2658 1309 2694 fenerator
1333 2661 1411 2693 cett.
1429 2658 1470 2692 62
1567 2657 1725 2703 alpheus
1748 2668 1777 2694 u
1826 2657 1884 2694 al-

306 2716 419 2763 phius
444 2729 466 2751 ν
516 2715 624 2750 alfius
649 2718 727 2751 cett.
742 2715 835 2760 Pph.
850 2713 917 2750 Ac.
1030 2713 1081 2749 69
1105 2710 1254 2757 redegit
1279 2712 1314 2746 ,Ω
1327 2711 1421 2756 Pph.
1436 2710 1502 2747 Ac.
1517 2711 1627 2747 schol.
1641 2724 1663 2756 γ
1711 2709 1848 2757 relegit
1865 2713 1884 2748 λ

307 2782 398 2806 corr.
413 2770 426 2805 l
445 2781 486 2815 p.
506 2780 579 2805 ras.
602 2770 634 2814 ()
783 2767 830 2804 70
868 2766 1000 2810 Querit
1030 2766 1100 2802 Au
1230 2764 1398 2800 calendis
1430 2765 1505 2801 Fac
1553 2763 1727 2800 kalendis
1757 2768 1836 2802 cett.

316 2821 349 2845 de

309 2853 346 2875 m
354 2851 493 2886 ponere
520 2841 544 2875 δ
