2008 3230
818 135 1107 174 PRAEFATIO.
1677 137 1762 173 XLI

177 251 367 301 descripti
400 253 507 304 sunt,
539 251 682 291 seriem
711 251 910 313 habuerat
936 250 1122 290 ordinum
1144 236 1209 290 ᾖ
1235 251 1276 290 et
1300 236 1325 288 Ϊ
1353 252 1393 289 et
1418 250 1599 290 indolem
1626 250 1762 301 stirpis

177 318 253 363 dm.
310 323 492 363 Secundo
518 324 606 363 loco
638 323 831 363 lectiones
861 323 882 362 I
908 322 1070 374 ordinis,
1095 322 1217 362 tertio
1243 322 1417 373 denique
1442 322 1544 374 loco,
1570 322 1692 372 idque
1718 322 1760 361 in

178 394 434 446 carminibus,
460 395 609 447 epodis,
636 396 722 434 arte
747 395 918 447 poetica,
946 395 1070 434 etiam
1094 394 1137 433 H
1160 394 1310 434 ordinis
1335 394 1528 434 lectiones
1555 393 1763 433 accedunt.

177 455 225 494 In
256 455 506 495 sermonibus
538 457 676 494 autem
707 456 832 506 atque
864 455 1050 505 epistulis
1082 454 1247 494 secundi
1281 450 1431 494 ordinis
1464 454 1563 493 adeo
1593 466 1763 504 praeua-

177 515 259 554 lere
289 514 476 554 uidemus
507 515 699 567 indolem,
736 516 786 554 ut
821 515 952 554 facere
990 528 1070 554 non
1107 514 1328 565 possimus,
1368 514 1467 564 quin
1504 513 1570 553 hic
1602 513 1765 564 quidem

179 574 399 614 secundum
425 575 603 614 ordinem
628 588 702 625 pro
728 575 990 614 fundamento
1017 574 1274 624 accipiamus,
1331 574 1394 612 Ex
1419 584 1443 612 σ
1469 574 1542 612 aut
1560 587 1586 612 x
1605 573 1763 623 Petrop.

179 647 259 674 non
285 634 530 685 descriptum
556 646 640 674 esse
666 634 856 674 docemur
880 647 915 673 a.
940 647 978 685 p.
1002 635 1104 674 171:
1138 636 1266 674 omnis
1291 633 1450 684 Petrop.
1479 635 1600 685 recte,
1633 645 1765 673 ornnes

180 694 284 734 falso
317 705 389 747 σΧ,
421 695 470 735 cf.
503 707 669 747 gramm.
702 694 896 734 Aufsatze
930 695 1028 734 295.

956 816 982 841 x

303 874 459 915 Codicis
491 886 514 915 σ
545 876 663 926 quasi
693 876 820 914 frater
850 875 982 915 minor
1012 877 1073 914 est
1104 875 1226 914 codex
1257 889 1283 914 x
1308 892 1365 906 =
1393 873 1634 914 Oxoniensis
1659 874 1763 913 Bod-

182 946 338 986 leianae
376 947 642 987 bibliothecae
680 947 969 999 Dorvillianus,
1013 960 1084 986 ms.
1123 947 1213 986 Lat.
1248 948 1345 999 198,
1390 960 1489 987 saec.
1522 947 1597 998 XI,
1642 960 1765 985 mem-

179 1006 304 1058 bran.,
336 1020 385 1046 ex
415 1007 530 1047 libris
560 1007 590 1047 I.
624 1008 668 1047 P.
695 1006 899 1059 d'Orville,
933 1007 1128 1046 oriundus
1161 1021 1181 1046 e
1212 1007 1457 1046 bibliotheca
1491 1007 1528 1045 S.
1555 1006 1763 1045 Vincentii

179 1065 460 1106 Laudunensis
500 1061 632 1120 (Laon
674 1067 717 1106 in
753 1062 1058 1121 Lotharingia),
1099 1069 1148 1106 ut
1187 1067 1254 1106 uir
1293 1067 1550 1106 doctissimus
1588 1066 1766 1104 Arturus

180 1126 226 1165 B.
258 1125 447 1177 Poynton
478 1127 755 1166 uerisimiliter
793 1127 981 1179 coniecit,
1020 1127 1136 1166 ouius
1176 1127 1418 1166 liberalitati
1451 1138 1497 1165 ac
1529 1126 1765 1178 diligentiae

181 1185 450 1226 conlationem
482 1186 672 1226 debemus
704 1186 1005 1226 accuratissime
1037 1187 1196 1226 factam.
1261 1185 1431 1226 Constat
1457 1187 1542 1226 126
1569 1186 1690 1237 foliis,
1723 1185 1766 1224 in

181 1246 352 1298 singulis
389 1246 550 1298 paginis
584 1248 637 1286 29
678 1259 889 1297 uersuum,
929 1246 1110 1286 continet
1146 1246 1365 1286 Horatium
1403 1259 1495 1285 cum
1533 1245 1695 1286 scholiis
1733 1247 1773 1283 Γ

180 1308 222 1346 et
253 1305 453 1357 quaedam
485 1307 724 1358 fragmenta,
756 1308 804 1345 ut
834 1307 902 1346 fol.
932 1308 986 1345 32
1020 1306 1179 1357 aliquot
1209 1318 1351 1346 uersus
1384 1319 1431 1345 ex
1455 1305 1634 1345 Publilio
1662 1305 1763 1356 Syro

182 1366 393 1405 detractos.
456 1366 566 1405 Inest
604 1366 727 1406 etiam
765 1366 943 1417 epistula
973 1366 1241 1406 Adalberonis
1271 1366 1555 1405 Laudunensis
1588 1365 1768 1416 episcopi

183 1420 491 1480 (977—1030)
539 1426 590 1464 ad
632 1426 850 1466 Fulconem
893 1426 1205 1466 Ambianensem
1250 1420 1558 1480 (993—-103o)
1604 1425 1764 1476 scripta.

180 1486 457 1536 Reperiuntur
482 1486 607 1525 etiam
633 1486 812 1537 quinque
836 1487 994 1538 glossae
1024 1486 1260 1526 Theotiscae
1292 1481 1656 1540 (mitteldeutsch):
1689 1498 1720 1525 c.
1748 1485 1768 1524 I

185 1558 258 1609 14,
286 1559 329 1597 6:
367 1556 596 1608 antemnae]
632 1555 880 1607 seyalrodon,
918 1571 950 1597 c.
981 1558 1002 1597 Ι
1036 1560 1103 1610 23,
1131 1561 1154 1598 7
1189 1557 1379 1609 lacertae]
1413 1558 1611 1608 ydehsun,
1652 1570 1766 1597 serm.

181 1617 201 1656 I
236 1619 273 1669 1,
303 1619 353 1656 11
388 1617 583 1668 uadibus]
611 1619 776 1669 burywn,
809 1631 923 1658 serm.
949 1618 990 1656 H
1018 1620 1055 1669 2,
1085 1620 1137 1658 16
1164 1617 1355 1669 promus]
1386 1620 1546 1663 sceinco,
1580 1630 1696 1657 serm.
1725 1617 1766 1655 II

181 1678 227 1728 4,
254 1677 307 1716 81
354 1675 486 1727 scobs]
523 1679 705 1717 theotisca
748 1679 886 1727 linqua
928 1679 1074 1717 dictum
1119 1681 1174 1717 est
1215 1690 1376 1727 urpora.
1446 1678 1767 1717 Horatianorum

180 1737 404 1776 carminum
437 1737 532 1777 ordo
565 1739 625 1777 est
649 1737 731 1777 hic:
764 1738 954 1790 carmina,
986 1738 1115 1790 epodi,
1147 1750 1307 1777 carmen
1333 1738 1549 1790 saeculare,
1583 1750 1647 1777 ars
1673 1750 1766 1788 poe-

181 1797 274 1849 tica,
308 1809 518 1849 sermones,
552 1798 763 1848 epistulae.

302 1857 647 1907 subscriptionem
678 1857 978 1896 Mauortianam
1010 1857 1108 1896 olim
1140 1857 1182 1896 in
1214 1857 1348 1897 codice
1373 1871 1398 1896 x
1429 1857 1554 1897 fuisse
1587 1857 1765 1908 suspica-

179 1918 248 1956 tur
267 1917 472 1967 Poynton:
505 1913 563 1956 ‘at
586 1919 646 1956 the
673 1919 758 1963 end,
790 1917 935 1969 inquit,
961 1919 1009 1966 of
1028 1918 1087 1956 the
1109 1916 1280 1956 Carmen
1297 1919 1499 1957 saeculare
1530 1918 1634 1957 there
1651 1918 1687 1956 is
1715 1929 1766 1956 no

182 1978 453 2026 subscription,
489 1979 556 2016 but
587 1979 739 2017 evident
767 1978 902 2017 marks
933 1978 981 2026 of
999 1978 1058 2016 the
1091 1989 1251 2017 erasure
1282 1979 1329 2026 of
1352 1978 1445 2026 four
1477 1979 1574 2017 lines
1606 1978 1653 2026 of
1678 1979 1766 2016 wri-

182 2038 274 2086 tiny.
341 2037 373 2075 I
406 2038 548 2088 hardly
588 2038 696 2076 think
736 2038 818 2076 that
852 2039 896 2076 in
937 2038 996 2076 the
1037 2038 1205 2077 eleventh
1243 2040 1401 2088 century
1440 2038 1500 2077 the
1532 2038 1769 2077 Mavortian

182 2098 444 2146 subscription
475 2098 603 2137 would
634 2099 752 2137 stand
783 2093 914 2137 there?

901 2199 1046 2260 o'(6x)

304 2276 469 2316 Codices
513 2287 536 2315 6
573 2279 614 2316 et
650 2291 675 2316 x
719 2291 766 2317 ex
808 2291 890 2317 uno
935 2278 1155 2328 exemplari
1198 2272 1278 2332 (6')
1318 2278 1529 2330 duxerunt
1559 2278 1768 2329 originem,

183 2336 285 2376 libro
317 2337 487 2376 fortasse
520 2337 670 2377 saeculi
695 2338 801 2377 noni.
858 2338 906 2376 In
932 2334 980 2389 σἸ
998 2350 1061 2376 ars
1086 2338 1247 2388 poetica
1270 2337 1556 2378 POETIOVS
1579 2338 1768 2376 LIBER

185 2391 260 2450 (sic
300 2407 323 2435 6
359 2397 524 2437 ineunte
562 2399 603 2437 et
641 2399 810 2437 exeunte
849 2399 935 2437 arte
973 2393 1152 2451 poetica)
1190 2399 1259 2437 uel
1297 2392 1365 2452 (ut
1401 2412 1427 2437 Χ
1465 2400 1642 2438 extrema
1680 2400 1766 2437 arte

183 2451 360 2510 poetica)
386 2457 575 2496 LIBER
598 2457 882 2497 POETICVS
903 2458 1216 2508 nuncupabatur
1239 2459 1354 2509 isque
1380 2459 1474 2509 post
1498 2471 1658 2498 carmen
1683 2471 1767 2497 sae-

183 2517 319 2556 culare
342 2518 382 2556 et
407 2518 501 2556 ante
521 2530 721 2557 sermones
746 2518 905 2568 positus
931 2520 1019 2557 erat
1045 2512 1120 2572 (sic
1146 2518 1190 2557 in
1215 2513 1300 2570 σΧ),
1326 2518 1369 2557 id
1395 2518 1502 2569 quod
1522 2531 1614 2557 cum
1634 2518 1768 2557 codice

183 2576 217 2615 B
244 2576 445 2628 conuenit,
472 2577 514 2615 in
539 2590 617 2628 quo
638 2579 679 2616 et
704 2577 791 2628 ipso
818 2590 854 2617 a.
879 2592 917 2628 p.
944 2577 1050 2617 inter
1075 2578 1187 2628 epod.
1218 2580 1270 2617 17
1300 2580 1341 2617 et
1365 2591 1480 2628 serm,
1500 2578 1521 2616 I
1545 2578 1680 2628 posita
1707 2579 1768 2616 est

185 2636 301 2686 eique
327 2636 560 2676 inscribitur
586 2633 867 2676 ‘POETIOA'
893 2638 1038 2677 omisso
1070 2650 1158 2677 uoc.
1186 2634 1298 2677 ‘ars’.
1348 2637 1482 2676 Codex
1507 2633 1547 2676 6'
1572 2638 1615 2675 in
1647 2649 1766 2675 carm.

186 2697 227 2734 et
246 2696 383 2745 epodis
408 2696 514 2735 inter
539 2710 675 2736 omnes
700 2699 782 2736 tres
803 2697 961 2736 ordines
986 2697 1172 2736 fluctuat.
1235 2697 1350 2743 Quod
1377 2697 1539 2747 quidem
1565 2696 1616 2734 ad
1641 2696 1767 2746 lyrica

186 2755 346 2806 attinet,
366 2756 514 2795 librum
531 2752 572 2795 6'
586 2770 606 2795 e
628 2757 765 2807 stirpis
780 2753 845 2795 dm
858 2757 992 2796 codice
1013 2756 1187 2806 quodam
1210 2757 1261 2794 ad
1279 2757 1399 2806 primi
1420 2756 1571 2796 ordinis
1585 2769 1768 2795 normam

186 2815 418 2864 frequenter
437 2817 647 2856 emendato
666 2817 827 2855 fluxisse
849 2830 896 2855 ex
915 2816 1056 2855 multis
1076 2815 1316 2855 lectionibus
1337 2816 1450 2856 falsis
1469 2816 1588 2866 plane
1611 2816 1766 2856 intelle-

188 2887 310 2938 gitur.
345 2886 494 2925 Verum
513 2888 636 2926 etiam
657 2875 741 2927 eI—I
757 2888 907 2927 ordinis
928 2887 1061 2927 codice
1082 2887 1257 2938 quodam
1277 2887 1388 2926 haud
1406 2899 1556 2938 paucas
1575 2888 1768 2928 lectiones

187 2946 464 2998 Mauortianas
495 2947 666 2987 insertas
698 2947 1043 3000 deprehendimus,
1075 2960 1202 2999 eaque
1234 2948 1324 2999 ipsa
1355 2948 1403 2988 de
1430 2960 1552 2988 causa
1578 2949 1701 2988 codex
1726 2944 1769 2988 c'
