2002 3224
272 135 359 177 334
844 136 1028 172 HORATI
1052 136 1250 173 EPODON

557 253 596 287 et
627 247 823 300 Esquilini
854 249 1030 300 pontifex
1062 250 1232 289 uenefici

557 321 705 372 inpune
736 324 781 359 ut
813 319 952 359 urbem
983 322 1143 361 nomine
1175 320 1353 373 impleris
1384 319 1502 362 meo?

556 391 649 442 quid
682 391 860 443 proderit
891 391 1037 431 ditasse
1070 392 1274 444 Paelignas
1306 405 1405 432 anus
1789 404 1835 435 60

554 461 784 502 uelociusue
818 464 1026 503 miscuisse
1059 462 1267 504 toxicum?

554 533 623 573 sed
656 534 828 574 tardiora
861 535 938 574 fata
970 540 1008 574 te
1042 537 1146 575 uotis
1179 541 1357 576 manent:

553 606 706 657 ingrata
738 607 885 646 misero
917 608 999 646 uita
1032 606 1211 647 ducenda
1243 613 1304 648 est
1335 609 1376 648 in
1408 608 1499 662 hoc,

554 679 668 717 nouis
701 683 744 717 ut
775 690 902 730 usque
935 683 1121 731 suppetas
1153 679 1367 720 doloribus.

553 754 660 801 optat
692 751 866 802 quietem
896 749 1054 802 Pelopis
1086 751 1198 790 infidi
1229 756 1358 803 pater,
1788 761 1834 793 65

552 833 672 872 egens
704 820 898 873 benignae
929 821 1116 861 Tantalus
1148 835 1306 875 semper
1337 823 1468 876 dapis,

552 897 660 943 optat
690 892 950 932 Prometheus
982 892 1176 945 obligatus
1209 893 1312 947 aliti,

552 969 660 1015 optat
693 976 877 1016 supremo
910 964 1116 1004 conlocare
1149 965 1341 1018 Sisyphus

551 1036 592 1074 in
624 1040 758 1075 monte
791 1048 948 1090 saxum3
981 1036 1050 1076 sed
1083 1042 1219 1077 uetant
1249 1037 1356 1089 leges
1389 1038 1505 1078 louis.

554 1107 665 1146 uoles
697 1107 814 1147 modo
847 1107 936 1148 altis
970 1108 1131 1148 desilire
1164 1108 1362 1163 turribus,
1792 1121 1838 1154 70

550 1179 666 1218 modo
699 1191 793 1219 ense
825 1184 964 1231 pectus
998 1179 1141 1219 Norico
1173 1180 1399 1235 recludere,

550 1251 776 1303 frustraque
808 1251 940 1290 uincla
972 1253 1123 1303 gutturi
1151 1257 1291 1291 *nectes
1324 1258 1392 1292 tuo

550 1322 752 1362 fastidiosa
785 1324 912 1362 tristis
945 1324 1199 1375 aegrimonia.

382 1477 433 1513 66
460 1477 502 1514 S:
527 1477 676 1514 Petron.
698 1482 764 1513 111
780 1478 839 1515 B.:
873 1479 982 1524 quid
1007 1479 1234 1526 proderit,
1260 1479 1399 1527 inquit,
1426 1480 1497 1517 hoc
1521 1481 1610 1529 tibi,
1647 1482 1680 1518 si
1711 1482 1836 1519 soluta

261 1524 389 1560 inedia
420 1525 558 1560 fueris?
590 1528 602 1572 {l
630 1526 714 1562 Seu.
732 1525 867 1563 Troad.
886 1530 986 1573 494:-
1008 1526 1118 1572 quid
1149 1527 1360 1572 proderit
1390 1528 1577 1565 latuisse
1602 1529 1769 1567 redituro
1793 1526 1835 1567 in

262 1576 418 1608 manus?
494 1573 546 1608 63
572 1574 616 1610 S:
646 1574 729 1610 Eur.
751 1574 811 1610 Or.
833 1577 901 1609 206
917 1586 989 1619 sq.:
1016 1574 1081 1610 ἅτε
1108 1575 1234 1622 βίοτον
1260 1575 1284 1611 ἀ
1311 1574 1438 1622 μέλεος
1463 1576 1516 1619 εἰς
1540 1576 1606 1614 τὸν
1632 1577 1716 1615 αἰὲν
1742 1577 1835 1615 ἕλκω

262 1619 398 1666 χρόνον
505 1619 556 1656 64
582 1621 872 1667 Pseudophilox,
898 1634 934 1668 p.
958 1625 1036 1668 192,
1051 1626 1116 1658 47:
1144 1624 1304 1668 suppeta
1330 1623 1430 1671 (sic)]
1458 1624 1655 1672 suffititas,
1683 1626 1835 1662 summi-

260 1667 401 1703 nistras
523 1669 573 1704 69
602 1669 644 1706 S:
670 1669 781 1715 Verg.
802 1671 893 1705 Aen.
915 1670 985 1705 IIII
1005 1674 1092 1706 614:
1120 1670 1173 1705 sic
1198 1670 1280 1706 fata
1305 1671 1429 1706 Iouis
1454 1675 1615 1718 poscunt
1715 1673 1761 1710 71
1789 1674 1831 1711 S:

261 1715 346 1752 Sen.
366 1715 499 1752 Troad.
522 1720 630 1753 1001:
656 1717 841 1753 reclude
867 1719 988 1753 ferro
1013 1719 1175 1763 pectus
1206 1720 1218 1765 ΙΙ
1249 1718 1515 1764 Verg.Aen.X
1534 1723 1600 1756 601
1715 1721 1762 1757 72
1789 1722 1833 1759 S:

260 1762 399 1800 Auson.
415 1763 532 1810 epigr.
548 1766 735 1810 21(23)‚1:
766 1765 831 1810 qui
850 1765 1062 1810 laqueum
1089 1766 1207 1801 collo
1233 1767 1455 1803 nectebat
1473 1769 1485 1813 ΙΙ
1505 1767 1722 1804 Ou.met.X
1743 1772 1832 1806 378:

260 1810 470 1856 laqueoque
496 1811 686 1848 innectere
717 1812 845 1848 fauces
865 1814 877 1859 ΙΙ
896 1813 1032 1850 Lucan.
1053 1813 1087 1848 Π
1107 1817 1194 1850 670:
1227 1813 1346 1849 caesis
1381 1814 1615 1852 innectere
1647 1815 1834 1852 uincula.

261 1858 368 1894 siluis

381 2005 416 2038 ,Ω
436 2021 481 2033 ---
500 2002 1406 2052 Α’(Αα)Β’(Β0)Ιῑ’(φψ)1ἰγδ’(δά)λ’(λῖ)νπα]
1529 2005 1579 2042 58
1605 2007 1662 2042 Et
1686 2008 1699 2042 l
1772 2018 1832 2044 ex—

260 2056 396 2100 quilini
420 2057 458 2092 R
495 2055 697 2101 aesquilini
726 2056 830 2092 Fz'n
869 2056 1046 2102 esquilini
1071 2062 1148 2094 cett.
1223 2058 1396 2094 ueneficii
1420 2058 1449 2094 λ’
1491 2059 1662 2096 uenefitii
1685 2071 1732 2106 u;
1769 2071 1831 2097 ue-

259 2115 385 2163 nefici]
411 2127 478 2162 pro
504 2115 676 2152 ueneficii
700 2117 805 2163 yloss.
827 2119 861 2151 Γ
958 2117 1007 2153 59
1033 2117 1178 2163 Inpune
1206 2118 1412 2164 ORyo‘vu
1451 2110 1571 2165 Tpune
1596 2120 1633 2155 B
1675 2119 1831 2166 Impune

262 2173 339 2205 cett.
432 2169 587 2215 inpleris
613 2183 664 2215 γν
762 2170 812 2206 60
837 2171 1017 2215 proderat
1042 2170 1160 2207 ABz'
1200 2171 1369 2217 proderis
1395 2172 1448 2208 R1
1486 2172 1656 2218 proderit
1679 2178 1757 2211 cett.
1778 2175 1831 2210 122
1877 2169 1884 2175 ’

261 2222 357 2268 Pph.
474 2222 634 2258 dittasse
660 2225 679 2258 λ
790 2223 988 2271 paelignas
1026 2225 1109 2261 BR
1128 2226 1222 2271 Pph.
1242 2226 1377 2271 Porph.
1451 2226 1624 2272 pelignas
1658 2232 1738 2264 cett.

258 2275 306 2311 61
334 2275 505 2313 Uelotius
531 2277 579 2312 dl
592 2288 653 2323 pr.
769 2277 819 2313 62
847 2278 920 2314 Sed
946 2277 1091 2315 A‘B'R
1165 2279 1230 2314 Set
1254 2293 1275 2324 γ
1344 2279 1386 2323 ὃς
1413 2293 1435 2315 v
1504 2280 1544 2316 Si
1572 2281 1640 2316 F&
1652 2282 1694 2317 in
1706 2292 1779 2318 ras.
1798 2281 1828 2317 λ’

257 2340 333 2365 was
345 2342 427 2366 παν.
444 2331 469 2366 d
487 2331 534 2375 (et
546 2332 578 2376 z)
597 2343 624 2367 u
643 2331 735 2377 Pph.
757 2331 893 2377 Porph.
1003 2332 1174 2368 tardiosa
1198 2333 1252 2369 Rr
1375 2333 1426 2369 63
1452 2333 1534 2369 uita
1558 2335 1658 2371 omis.
1679 2347 1702 2370 ν
1721 2347 1783 2381 pr.

257 2399 297 2435 in
322 2400 408 2448 hoc]
435 2413 526 2438 eras.
548 2403 573 2438 d
669 2401 720 2438 64
747 2388 787 2448 ’ct
813 2404 826 2438 Ζ
899 2403 1067 2449 suppetis
1094 2404 1147 2439 131
1223 2403 1414 2440 doloribus
1436 2405 1718 2451 FRyO'vnau
1734 2407 1828 2453 Pph.

256 2455 326 2490 sch.
338 2457 372 2489 Γ
391 2454 584 2490 laboribus
601 2455 732 2492 AB'i'
749 2455 977 2492 cruciatibus
999 2457 1053 2493 3¹2
1065 2469 1147 2494 aar.
1173 2461 1220 2503 (et
1237 2458 1341 2504 9l033.
1358 2459 1381 2502 f
1393 2458 1513 2495 Doru.
1528 2459 1563 2493 H
1585 2459 1831 2507 Grooz.Req.1ae

256 2520 338 2544 παν.
350 2519 370 2544 z
383 2510 480 2554 aar.)
508 2554 510 2557 Ι
529 2508 580 2544 65
600 2509 737 2545 infidus
756 2522 783 2546 u
802 2509 922 2545 inuidi
935 2510 973 2546 B
991 2510 1098 2545 infidi
1117 2515 1194 2547 cett.
1215 2512 1254 2556 ζ)
1303 2511 1354 2547 66
1378 2511 1540 2556 benigne
1559 2512 1784 2558 ΛΒγλψιά

259 2565 375 2625 dapes
403 2581 440 2616 B
548 2581 597 2617 67
624 2581 868 2628 promeoheus
895 2582 949 2617 ΕΙ
1037 2581 1128 2617 alite
1155 2581 1360 2618 FRa'nm
1424 2582 1508 2618 aliti
1546 2585 1636 2620 (isus
1650 2586 1782 2632 cett.()

257 2632 307 2668 68
334 2644 533 2679 suppremo
553 2635 616 2670 Αλ
666 2635 861 2671 conlocare
881 2636 1058 2681 BRyna
1093 2635 1275 2671 collocare
1302 2640 1378 2672 cett.
1431 2636 1606 2683 Sisyphus
1626 2638 1783 2675 B'Rva

257 2687 442 2733 sysyphus
469 2687 497 2723 λ’
526 2688 700 2734 sysiphus
725 2702 746 2734 γ
779 2688 943 2735 sisiphus
969 2689 1164 2726 AFa'nu
1245 2690 1295 2725 69
1323 2691 1380 2725 set
1404 2701 1443 2736 γι
1489 2702 1518 2737 83
1540 2691 1571 2726 Ο
1611 2691 1677 2727 sed
1702 2696 1780 2729 cett.

257 2740 460 2788 uesstssant
479 2741 516 2777 R
555 2762 557 2764 -
592 2742 639 2778 70
664 2741 783 2780 Moles
808 2754 851 2778 m
902 2743 1005 2778 alitis
1031 2744 1068 2779 B
1117 2743 1276 2779 desilere
1301 2743 1405 2779 Βδί
1448 2743 1598 2780 desilire
1623 2749 1700 2782 cett.
1721 2745 1782 2782 δέ

260 2792 306 2828 71
327 2793 475 2842 Modoss
498 2796 521 2830 ὃ
570 2806 676 2831 ensse
702 2796 738 2831 R
787 2796 939 2842 gnorico
965 2809 993 2833 u
1069 2797 1116 2832 72
1143 2807 1231 2842 -que
1256 2799 1357 2833 omis.
1380 2799 1410 2833 O
1455 2797 1608 2834 uincula
1630 2812 1652 2844 »y
1701 2801 1828 2845 guttu-

257 2845 444 2882 rinnectes
471 2849 494 2883 δ
590 2849 719 2894 guturi
744 2851 769 2886 d
805 2851 937 2895 guttur
961 2851 998 2886 B
1083 2851 1210 2886 nectes
1238 2850 1492 2901 FRyvndui
1515 2853 1562 2898 (et
1580 2853 1613 2898 z)
1661 2851 1829 2903 innectes

256 2898 487 2947 A'B'z'uw
512 2949 515 2950 ⁷
589 2902 635 2938 73
662 2903 915 2952 aegrimonias]
937 2917 959 2939 ν
