2002 3224
285 126 313 168 2
319 126 374 168 70
833 127 1018 163 HORATI
1043 126 1307 163 GARMINVM

571 241 605 278 si
638 240 773 293 gestis,
804 240 997 279 iuuenum
1028 239 1222 279 nobilium
1254 239 1391 293 cliens,
1811 249 1855 281 15

629 311 754 350 nardo
786 312 879 350 uina
910 310 1129 350 merebere.

570 382 684 422 nardi
716 394 862 435 paruos
895 394 997 435 onyx
1030 382 1163 422 eliciet
1194 382 1348 437 eadum,

571 455 639 505 qui
670 466 776 494 nunc
809 453 997 506 Sulpiciis
1030 453 1195 494 accubat
1226 455 1394 509 horreis,

570 537 660 577 spes
693 525 840 565 donare
873 537 998 566 nouas
1031 525 1163 578 largus
1195 539 1406 579 amaraque

631 610 818 637 curarum
850 597 984 638 eluere
1016 598 1166 638 efficax.
1809 608 1856 640 20

572 669 618 708 ad
653 682 752 721 quae
786 671 821 708 si
851 681 1043 722 properas
1076 669 1229 723 gaudia,
1262 683 1351 710 cum
1384 675 1450 710 tua

569 740 686 780 uelox
718 753 851 780 merce
884 742 995 781 ueni:
1027 753 1108 780 non
1140 753 1212 793 ego
1245 747 1284 781 te
1316 743 1416 781 meis

570 813 788 852 immunem
820 812 991 852 meditor
1021 814 1204 864 tinguere
1236 812 1402 867 poculiS,

629 884 744 936 plena
777 884 891 924 diues
921 888 967 923 ut
997 885 1039 923 in
1070 884 1198 924 domo.

569 968 710 995 uerum
742 968 846 1008 pone
878 967 1009 996 moras
1042 961 1082 995 et
1114 956 1289 996 studium
1320 956 1434 1010 lucri,
1811 965 1857 998 25

570 1029 855 1080 nigrorumque
888 1040 1054 1081 memor,
1086 1028 1179 1067 dum
1212 1028 1317 1082 licet,
1348 1030 1501 1079 ignium

570 1100 691 1139 misce
725 1098 933 1139 stultitiam
965 1099 1143 1140 consiliis
1174 1100 1357 1140 breuem:

629 1171 744 1210 dulce
778 1176 839 1211 est
870 1171 1053 1223 desipere
1085 1173 1127 1211 in
1159 1171 1256 1211 loco.

403 1347 451 1382 17
488 1346 618 1381 ‘nardi
647 1345 781 1392 plenus
813 1346 931 1391 onyx'
966 1347 1009 1382 T:
1042 1346 1154 1392 gloss.
1187 1346 1266 1382 Mai
1297 1346 1407 1383 class.
1441 1348 1539 1384 auct.
1559 1347 1647 1383 VIII
1680 1358 1717 1393 p.
1737 1349 1809 1383 400

283 1394 332 1430 21
349 1406 403 1439 sq.
430 1394 473 1431 S:
499 1394 639 1430 Auson.
653 1393 762 1439 epist.
778 1397 835 1439 10,
848 1397 892 1428 35
907 1405 980 1438 sq.:
1007 1394 1056 1429 ad
1082 1404 1178 1439 quae
1205 1393 1236 1429 si
1260 1405 1452 1441 properas,
1478 1396 1562 1430 bota
1587 1406 1683 1430 cum
1707 1405 1855 1431 merce

281 1445 432 1478 tuarum
457 1441 562 1477 ueni
588 1441 834 1477 Camenarum
860 1440 979 1476 citus
1005 1442 1017 1487 ΙΙ
1041 1441 1185 1477 Ennod.
1212 1442 1269 1478 ed.
1291 1442 1411 1487 Vogel
1435 1455 1471 1488 p.
1494 1446 1573 1489 184,
1588 1446 1609 1478 3
1625 1454 1698 1488 sq.:
1725 1452 1856 1489 super-

282 1493 341 1525 est
360 1489 588 1525 salutatione
607 1488 791 1535 praelata,
818 1490 860 1523 ut
885 1489 940 1523 ad
965 1488 1136 1534 gaudia
1160 1491 1229 1525 tua
1245 1489 1323 1525 iam
1348 1501 1585 1536 properes,
1612 1490 1703 1536 quia
1724 1489 1856 1525 diuina

282 1537 541 1574 beneficia
561 1536 754 1572 meliora
778 1536 1062 1582 pollicentur
1087 1536 1146 1583 (cf.
1174 1548 1205 1573 c.
1226 1537 1243 1572 1
1269 1539 1401 1584 29‚16)
1540 1537 1592 1574 23
1617 1538 1661 1575 S:
1686 1537 1856 1584 Hedylus

282 1596 343 1629 ap.
362 1585 450 1621 Ath.
471 1585 523 1620 XI
541 1588 627 1620 473:
654 1584 747 1620 ἀλλὰ
773 1583 904 1625 κάδοις
928 1586 1024 1620 Χίου
1050 1597 1094 1630 με
1120 1584 1326 1633 κατάβρεχε
1419 1585 1469 1621 26
1494 1587 1538 1622 T:
1564 1585 1667 1623 Seru.
1687 1585 1738 1621 ad
1762 1586 1855 1621 Aen.

281 1633 352 1668 IIII
377 1636 446 1668 384
496 1633 539 1669 S:
567 1634 635 1668 Ou.
660 1631 747 1668 fast.
773 1632 807 1667 ΙΙ
834 1635 920 1668 561:
946 1631 1134 1676 ignibus
1162 1633 1278 1668 atris
1387 1633 1436 1669 27
1452 1645 1506 1678 sq.
1533 1634 1576 1670 T:
1601 1633 1709 1670 floril.
1735 1632 1853 1670 Paris.

282 1684 375 1716 8069
461 1680 512 1716 28
537 1681 580 1716 T:
608 1679 745 1725 Porph.
766 1680 814 1715 ad
841 1679 950 1726 epist.
970 1680 987 1715 I
1008 1683 1064 1726 18,
1079 1683 1125 1716 60
1151 1681 1190 1716 eb
1213 1680 1439 1726 florilegium
1463 1680 1652 1717 Cusanum
1702 1681 1745 1718 S:
1772 1680 1856 1717 Seu.

282 1728 328 1763 de
354 1730 502 1773 tranqu.
531 1727 648 1763 animi
674 1731 730 1774 17,
746 1731 807 1764 102
841 1727 921 1763 siue
947 1727 1091 1764 Graeco
1119 1729 1256 1773 poet-ae
1282 1728 1479 1773 eredimus,
1506 1728 1712 1774 aliquando
1737 1729 1778 1764 et
1800 1727 1855 1763 in-

282 1776 406 1811 sanire
431 1775 635 1811 iucundum
660 1777 719 1811 est
742 1778 755 1821 ΙΙ
779 1775 955 1811 Menand.
981 1787 1017 1821 p.
1040 1779 1109 1811 150
1122 1775 1190 1812 M.:
1217 1776 1260 1811 οὐ
1285 1781 1480 1821 πανταχοῦ
1506 1776 1548 1812 τὸ
1574 1775 1762 1822 φρόνιμον
1787 1774 1869 1821 ἀφ’

257 1829 260 1832 ’
282 1823 406 1869 μόττει
430 1822 566 1869 παρόν,
591 1822 657 1859 καὶ
676 1828 916 1869 συμμανῆναι
937 1821 974 1858 δ’
992 1822 1074 1859 ἔνια
1094 1824 1156 1858 δεῖ
1170 1825 1182 1869 ΙΙ
1201 1823 1336 1859 Publil.
1353 1828 1420 1859 276
1437 1823 1513 1860 W.:
1539 1823 1579 1858 in
1603 1833 1739 1859 uenere
1759 1833 1853 1858 sem-

280 1882 348 1916 per
373 1871 523 1906 dulcis
549 1872 608 1907 est
633 1870 824 1906 dementia
859 1872 872 1916 u
913 1871 1214 1906 Anacreonteum
1239 1874 1278 1907 8:
1308 1867 1378 1916 ἐγὼ
1405 1869 1441 1906 δ’
1460 1869 1554 1917 ἔχων
1580 1870 1764 1907 κύπελλον
1788 1870 1853 1906 καὶ

281 1918 439 2014 {steppo-ct
453 1925 563 2001 rufifl?
595 1919 757 2000 χαίὲαιῆ,
774 1919 841 2000 2οὲ
859 1917 997 2001 wag&
1020 1919 1063 1953 οὐ
1089 1918 1291 1964 μάχαιραν,
1325 1916 1426 1954 θέλω
1452 1918 1552 1955 θέλω
1578 1923 1745 1965 μανῆναι
1816 1917 1857 1952 in

297 1978 499 2002 0001em
557 1977 693 2002 ena.
798 1970 939 2011 ‚=‘

402 2158 437 2191 ,Ω
458 2174 500 2185 =
521 2156 1165 2203 Α’(Αα)ΒΓ(φψ)γδελ’(λΖ)πα]
1288 2157 1337 2193 15
1364 2157 1490 2203 clyens
1517 2159 1540 2193 ὃ
1589 2157 1708 2194 crienfl
1734 2158 1747 2193 Ζ
1771 2162 1856 2195 ante

280 2221 354 2246 ras.
381 2214 414 2245 et
439 2221 530 2246 corr.
606 2210 656 2245 16
682 2210 773 2245 bina
799 2211 836 2246 B
908 2210 1097 2246 merebere
1118 2210 1301 2254 A'Bysa'
1317 2211 1515 2248 Pseudacr.
1535 2212 1650 2248 altero
1669 2212 1745 2248 loco
1759 2211 1853 2258 Pph.

281 2280 482 2317 mereberis
510 2281 575 2316 F).
593 2293 675 2317 παν.
696 2293 756 2316 πα
781 2281 848 2317 Ac.
875 2282 939 2318 alt.
963 2283 1039 2318 loco
1087 2264 1269 2319 mereberis
1294 2283 1318 2318 ὃ
1365 2282 1605 2330 (‘Merebere]
1630 2282 1849 2319 mereberis’

281 2336 493 2380 Pseudacr.)
591 2335 639 2371 17
666 2346 806 2380 paruus
833 2337 868 2370 ,Ω
893 2335 1047 2381 (pardus
1074 2336 1194 2382 Bpr.)
1292 2335 1379 2372 onix
1404 2338 1571 2382 γεπαῑα
1643 2336 1799 2385 esslici&
1823 2350 1851 2372 π

329 2388 379 2424 18
406 2387 569 2434 sulpitiis
595 2400 621 2424 u
671 2388 857 2434 sculpitiis
883 2402 904 2434 γ
1002 2388 1117 2424 orreis
1143 2389 1185 2425 F
1304 2389 1352 2425 21
1379 2390 1513 2435 Adque
1539 2404 1568 2436 φ
1618 2390 1742 2436 Atque
1761 2401 1801 2436 γι
1901 2426 1904 2427 ⁷

279 2454 316 2478 u.
338 2441 387 2476 22
415 2442 574 2488 Peryit
598 2443 675 2478 cod.
695 2443 733 2479 R
807 2442 857 2478 23
881 2442 1074 2478 Inmunem
1103 2443 1259 2488 Γγδεα
1299 2442 1506 2478 Immunem
1523 2448 1610 2480 «cett.
1680 2442 1853 2488 tinguere
1903 2472 1905 2474 .

280 2519 455 2556 FRew
505 2519 652 2564 tingere
678 2519 871 2565 A'Byz'u
896 2520 962 2556 Ac.
1078 2519 1130 2555 24
1154 2505 1267 2566 plen&
1291 2520 1328 2555 Β
1437 2519 1486 2556 27
1514 2520 1627 2557 Misce
1653 2521 1677 2555 ὃ
1726 2518 1851 2555 stulti-

280 2573 378 2609 ciam
403 2575 531 2609 Βεαα
669 2573 720 2609 28
747 2573 919 2618 decipere
944 2574 998 2610 R1
1050 2572 1233 2619 dissipere
1259 2584 1281 2612 ς
1301 2574 1350 2621 (β)
1374 2574 1593 2621 florileyium
1619 2574 1805 2610 Cusanum

279 2626 318 2661 in
343 2626 425 2663 ioco
453 2627 587 2673 Porph.
614 2627 664 2662 ad
690 2628 791 2672 epist.
818 2627 835 2661 I
862 2630 905 2662 18
