2008 3230
817 131 1106 169 PRAEFATIO.
1688 129 1757 165 XV

458 248 593 296 inyeml
624 258 655 286 0.
687 245 729 291 Π
762 246 829 297 18,
852 247 875 285 9
909 253 954 284 a1
988 245 1111 296 Pph.1

458 308 542 346 dest
572 306 687 357 epist.
713 305 735 343 Ι
763 307 829 357 12,
852 306 908 343 24
940 318 965 344 3
983 319 1042 356 pr.
1063 306 1099 344 R,
1117 317 1224 345 cons.
1245 313 1295 343 πῑ

458 368 575 406 wiwnt
603 378 718 405 serm.
750 365 792 404 H
825 367 864 414 6,
886 366 941 404 94
974 378 999 403 a

459 427 570 475 tiyris
601 419 723 480 (acc.)
755 425 868 476 epod.
898 425 965 474 16,
987 426 1040 464 31
1075 433 1121 465 31
1143 439 1173 464 π
1203 439 1263 475 pr.

458 487 599 536 ayyieu
630 498 655 524 a
673 498 703 524 π
720 485 820 536 Pph.
853 497 884 524 0.
910 484 994 523 IHI
1021 486 1059 537 6,
1081 487 1151 525 28.

170 547 291 586 Recte
324 547 488 586 seruata
519 547 616 585 sunt
646 545 771 584 etiam

455 607 569 644 nirea
601 618 626 644 a
655 606 705 643 ut
734 604 817 643 uid.
837 604 874 643 R
905 604 1018 655 epod.
1044 605 1111 655 15,
1133 607 1188 644 22

456 676 652 704 sersnwnes
683 678 707 703 a
726 664 782 703 R1
804 678 825 703 τ
856 677 887 704 c.
913 664 976 702 IH
1009 666 1047 714 8,
1069 665 1106 703 5.

173 726 217 766 Si
243 726 475 765 eximuntur
499 738 530 765 0.
556 724 598 763 Π
618 724 831 775 5—ep0d.
857 725 924 776 15,
947 726 1013 776 17,
1045 725 1118 763 ubi
1143 738 1236 764 oum
1255 724 1293 763 A
1318 724 1530 774 consentit,
1556 724 1616 763 ita
1642 726 1691 763 ut
1711 724 1748 763 A

172 786 339 826 formari
375 786 522 836 possit,
561 797 585 823 a
616 785 668 823 ad
697 784 875 835 primum
907 784 1087 824 ordinem
1118 785 1306 835 pertinet.
1357 784 1464 831 Quin
1491 784 1616 823 etiam
1647 785 1752 824 inter

173 857 540 908 praestantissimos
572 857 593 894 I
632 856 782 896 ordinis
814 857 998 896 auctores
1036 858 1098 896 est
1135 851 1248 911 (cum
1279 851 1370 911 yM)
1407 857 1451 895 in
1489 857 1758 907 epistularum

172 917 275 957 libro
306 917 359 969 H,
389 917 462 956 ubi
488 919 522 955 A
555 917 666 956 deest
697 911 798 971 (uid.
831 916 946 955 discr.
978 911 1201 971 classium).
1251 916 1392 956 Artior
1421 916 1464 955 in
1496 929 1611 956 serm.
1637 917 1659 955 I
1691 917 1759 956 ad-

171 977 307 1016 finitas
339 978 400 1016 est
424 977 530 1016 inter
554 989 578 1015 a
604 979 644 1016 et
669 992 692 1029 γ
717 977 767 1017 cf.
793 988 822 1015 s.
848 976 869 1014 I
897 977 934 1027 5,
956 977 1010 1016 39
1031 978 1219 1025 proxima
1243 989 1316 1027 pro
1334 979 1498 1025 postera
1524 990 1580 1029 ay
1605 971 1759 1031 (negle-

171 1036 304 1088 gentis
336 1036 488 1076 scribae
520 1031 660 1090 culpa)
693 1037 735 1075 et
766 1048 795 1075 S.
827 1036 868 1074 H
900 1037 938 1087 6,
962 1038 1013 1075 11
1048 1039 1226 1076 tresauro
1253 1049 1307 1089 ay
1333 1032 1519 1090 (uulgari
1545 1035 1759 1088 sermone).

293 1095 337 1135 Si
374 1095 615 1135 uniuersum
652 1097 826 1147 spectas,
862 1098 904 1135 et
933 1095 1115 1136 bonitate
1148 1099 1188 1135 et
1220 1096 1451 1135 constantia
1482 1097 1605 1136 codex
1637 1110 1662 1136 a
1693 1110 1759 1136 ex-

172 1156 298 1208 cellit,
336 1155 423 1205 sed,
459 1157 508 1194 ut
545 1167 668 1205 supra
705 1155 897 1206 diximus,
936 1155 987 1194 ab
1025 1157 1206 1206 exemplo
1247 1156 1444 1207 originem
1481 1156 1610 1208 ducit,
1650 1157 1759 1207 quod

172 1215 264 1255 inde
297 1228 322 1254 a
352 1228 384 1254 c.
409 1215 452 1254 H
478 1216 502 1254 5
535 1227 665 1265 usque
698 1215 749 1253 ad
778 1215 891 1265 epod.
921 1216 988 1266 15,
1012 1217 1065 1254 17
1093 1215 1258 1255 secundi
1285 1215 1435 1255 ordinis
1462 1218 1559 1255 erat.
1611 1216 1758 1263 Quam-

174 1288 298 1326 quam
330 1275 455 1314 etiam
483 1275 527 1313 in
557 1275 632 1313 hac
658 1274 882 1314 carminum
906 1276 1022 1325 parte
1049 1275 1208 1326 aliquot
1238 1276 1349 1327 locis,
1381 1275 1453 1314 ubi
1479 1288 1503 1315 3
1529 1278 1570 1315 01;
1593 1276 1632 1315 A
1656 1278 1759 1315 tam-

173 1348 297 1386 quam
327 1334 478 1374 diuersi
509 1334 670 1387 abeunt,
703 1347 727 1374 a
758 1347 851 1374 cum
881 1334 1011 1385 primo
1043 1335 1182 1375 ordine
1214 1335 1325 1375 facit.

293 1394 473 1434 Alterius
504 1407 648 1433 manus
680 1395 919 1434 correcturis
951 1405 980 1433 a*
1005 1395 1115 1434 haud
1152 1396 1327 1434 multum
1368 1395 1543 1435 infectus
1581 1398 1659 1448 est,
1698 1410 1758 1436 ce-

172 1457 306 1494 terum
344 1462 390 1493 32
435 1454 586 1505 ubique
626 1454 743 1492 nihili
778 1454 1008 1507 pendimus,
1044 1455 1100 1494 sio
1138 1468 1170 1496 0.
1197 1455 1238 1494 II
1267 1457 1333 1507 18,
1356 1457 1379 1494 9
1418 1457 1551 1505 ingeni
1591 1452 1678 1511 (al)
1717 1457 1759 1495 in

172 1516 333 1564 inyem'i,
360 1527 391 1553 0.
418 1514 480 1552 ΠΙ
506 1516 544 1563 2,
565 1515 621 1554 30
647 1515 835 1553 neclectus
855 1509 943 1568 (al)
970 1516 1098 1554 altera
1123 1528 1248 1554 manu
1273 1516 1313 1554 in
1344 1517 1537 1564 neylcctus
1563 1519 1758 1556 mutatur.

175 1587 203 1614 s.
236 1575 256 1612 I
290 1576 332 1626 2,
364 1576 418 1613 70
457 1574 767 1613 audacissimam
803 1575 1071 1615 mutationem
1109 1572 1172 1614 ‘in
1209 1588 1329 1615 usum
1366 1573 1575 1626 Delphini'
1608 1578 1759 1616 factam

177 1634 479 1685 deprendimus:
522 1634 675 1683 Mayno
706 1637 948 1683 prognatum
979 1636 1139 1684 deposco
1171 1637 1326 1675 consule
1357 1648 1532 1675 cwnnum
1561 1637 1760 1677 habuerat

177 1702 243 1747 al,
276 1702 322 1733 a2
355 1694 511 1733 scribit:
542 1694 694 1743 Magno
718 1693 919 1744 pro-qnam
951 1696 1112 1744 deposco
1136 1698 1255 1744 patre
1279 1696 1468 1745 puellam.

755 1821 816 1876 A',
836 1826 874 1865 A
904 1826 947 1865 in
979 1827 1176 1878 epistulis.

295 1898 428 1939 Codex
458 1898 507 1950 A,
539 1911 610 1949 per
640 1911 831 1950 magnam
861 1899 1008 1938 Horati
1039 1901 1198 1950 partem
1229 1912 1322 1939 cum
1354 1913 1378 1939 3
1410 1900 1610 1940 artissime
1643 1915 1758 1941 cone-

176 1983 269 2023 xus,
301 1971 342 2010 in
376 1971 638 2023 carminibus,
674 1971 829 2022 epodis,
868 1971 1043 2010 carmine
1075 1972 1273 2011 saeculari
1305 1972 1356 2011 ad
1387 1973 1429 2010 H
1460 1973 1640 2012 ordinem
1670 1987 1759 2024 per-

176 2043 291 2083 tinet.
350 2042 566 2082 Praeterea
597 2043 865 2094 epistularum
895 2043 1045 2083 librum
1075 2043 1096 2082 I
1127 2044 1318 2096 continet,
1351 2044 1422 2083 ubi
1453 2044 1559 2084 inter
1584 2046 1760 2096 optimos

175 2102 328 2153 primae
369 2103 508 2142 classis
547 2105 670 2143 testes
708 2105 769 2143 est
807 2105 848 2143 et
887 2117 980 2143 cum
1018 2117 1043 2143 a
1079 2104 1139 2143 ita
1177 2104 1395 2156 consentit,
1431 2107 1481 2143 ut
1518 2117 1674 2156 semper
1710 2102 1759 2145 A'

176 2163 355 2202 construi
385 2163 524 2213 possit,

248 2223 295 2262 cf.
323 2223 438 2273 epist.
458 2223 478 2260 Ι
529 2225 567 2275 7,
582 2224 638 2262 82
671 2223 914 2275 archetypus
940 2225 1182 2273 ambayibus,
1209 2221 1258 2263 A'
1278 2225 1508 2274 ambiyibus,
1541 2222 1646 2265 Rw'r
1676 2239 1758 2265 am-

666 2284 816 2332 biyuus.

321 2342 436 2392 epist.
454 2342 476 2380 Ι
497 2344 633 2393 14,39
663 2344 825 2392 ylaebas
854 2343 954 2383 bene
979 2344 1037 2383 Al
1066 2339 1143 2398 (Rl
1171 2358 1250 2384 non
1276 2340 1445 2399 liquet),

320 2402 433 2453 epist.
454 2402 474 2440 I
496 2403 562 2455 15,
579 2405 605 2441 4
661 2405 848 2452 perriuor
877 2401 1051 2442 A'lel
1087 2418 1160 2454 pro
1184 2405 1350 2453 perluor
1380 2418 1428 2444 ex
1451 2406 1637 2454 perluor,-

321 2462 435 2512 epist.
456 2463 476 2501 I
498 2465 565 2513 15,
582 2464 637 2502 10
668 2464 894 2503 deuersoria
924 2464 1024 2503 bene
1056 2460 1153 2503 A'R
1171 2464 1289 2515 Pph.;

321 2522 436 2572 epist.
456 2523 476 2560 Ι
498 2524 564 2573 15,
580 2524 635 2561 42
661 2525 837 2572 paruola
866 2524 905 2562 A
926 2518 1002 2578 (Rl
1022 2537 1103 2563 non
1122 2519 1293 2579 liquet),

321 2582 436 2631 epist.
456 2582 475 2620 I
498 2584 564 2632 16,
582 2585 604 2622 9
668 2579 721 2636 si]
755 2584 867 2623 omis.
892 2581 1032 2637 A'yR3

322 2642 436 2692 epist.
457 2642 477 2680 I
499 2644 566 2694 17,
581 2643 606 2680 8
668 2645 900 2682 terentv'snwm
942 2657 1015 2694 pro
1058 2645 1294 2692 ferentmum
1336 2640 1443 2697 A'yr
1487 2639 1587 2699 (non
1630 2642 1757 2700 MR):

669 2703 707 2741 T
733 2716 806 2753 pro
837 2703 887 2755 F,
919 2717 1013 2755 ergo
1047 2716 1094 2742 ex
1126 2704 1326 2754 scriptura
1358 2718 1394 2755 q.
1420 2717 1460 2742 u.
1493 2705 1661 2754 capitali
1693 2719 1757 2744 ex-

666 2762 918 2814 plicandum3

325 2819 436 2869 epist.
456 2820 477 2858 Ι
499 2823 565 2874 18,
581 2823 635 2862 85
667 2834 738 2861 nec
768 2823 864 2862 lecta
894 2822 953 2861 A1
988 2816 1106 2875 (alibi
1138 2834 1157 2861 0
1187 2836 1268 2863 11011
1299 2818 1524 2877 seruatur);

326 2880 439 2929 epist.
460 2881 480 2917 Ι
502 2883 568 2932 18,
584 2884 640 2921 90
669 2881 838 2933 nauum]
872 2883 976 2922 falso
1007 2895 1198 2921 mammam
1230 2884 1400 2933 A1R1r3

327 2939 440 2990 epist.
462 2940 481 2976 Ι
505 2943 569 2993 19,
586 2944 641 2979 20
672 2942 752 2981 AR
783 2943 906 2981 locum
938 2955 1010 2992 pro
1041 2944 1168 2981 iocum
1199 2938 1252 2997 (E
1285 2943 1407 2983 habet
1437 2939 1611 2999 Iocum),
