2008 3230
852 133 1139 170 PRAEFATIO.
1688 135 1789 171 LVII

201 260 231 287 s.
256 248 299 286 II
327 249 366 299 6,
394 250 448 287 72
481 252 552 287 ’νιέσ
582 244 665 287 lem}
693 250 780 296 past
809 261 882 298 pro
912 244 1031 286 ἠἒοπὲ
1062 244 1177 296 ῑέρόε,
1210 260 1245 286 a.
1271 261 1310 297 p.
1344 249 1428 286 233
1454 250 1683 296 propteruis
1713 261 1785 298 pro

194 305 404 357 prb‘teruis,
432 309 569 347 tamen
600 321 680 347 non
704 307 823 347 modo
849 321 929 346 non
953 319 1119 358 prorsus
1145 309 1398 347 contemnere
1424 306 1531 359 licet,
1558 307 1627 346 sed
1650 308 1786 360 etiam,

139 382 141 385 ·
201 368 308 407 sicut
338 379 464 418 supra
495 367 879 419 demonstrauimus,
911 367 954 405 in
984 380 1068 406 una
1098 369 1214 418 parte
1246 366 1393 406 Horati
1423 367 1634 419 permagni
1665 368 1786 418 pretii

199 428 281 467 est:
312 427 404 467 inde
434 440 458 467 a
490 440 605 467 serm.
631 427 674 466 H
700 429 738 480 3,
769 427 876 466 unde
908 440 1036 478 paene
1062 439 1200 467 omnes
1224 426 1319 466 libri
1349 428 1508 467 ueteres
1534 427 1699 467 deficere
1724 427 1783 466 in-

199 486 366 538 cipiunt.

790 570 1183 623 Fiirstenbergensis.

318 655 352 694 E
385 655 654 706 posteriorum
686 657 915 706 temporum
947 654 1151 694 codicibus
1182 655 1234 694 ad
1264 655 1367 694 hanc
1405 655 1573 706 stirpem
1609 657 1786 707 pertinet

201 726 599 779 Furstenbergensis,
639 727 803 766 membr.
843 740 944 767 saec.
969 727 1081 772 XIII,
1109 728 1166 766 40
1203 726 1402 766 linearum
1438 728 1481 766 in
1513 727 1684 780 singulis
1715 742 1786 779 pa—

203 786 321 839 ginis.
385 787 533 826 Totum
564 787 783 827 Horatium
814 787 1012 826 continet:
1044 787 1233 838 carmina,
1266 787 1426 839 epodos,
1458 800 1618 827 carmen
1650 800 1786 828 saecu-

199 847 303 898 lare,
335 848 464 887 artem
494 847 714 899 poeticam,
747 847 961 898 epistulas,
994 859 1206 886 sermones
1267 847 1323 886 Et
1353 847 1467 886 tituli
1499 850 1540 886 et
1571 848 1786 899 pleraeque

202 907 395 946 lectiones
438 920 530 946 cum
571 904 644 946 Fa‘
682 907 917 958 concinunt3
959 907 1083 946 etiam
1123 907 1192 946 isti
1236 919 1379 947 uersus
1416 907 1652 958 interpolati
1692 910 1786 948 ante

205 978 319 1005 serm.
346 966 366 1004 Ι
394 967 450 1006 10
480 967 522 1005 in
554 968 669 1006 textu
709 967 920 1018 leguntur,
961 967 1074 1017 epist.
1102 967 1122 1005 I
1150 968 1204 1006 18
1230 980 1271 1006 u.
1301 969 1352 1006 91
1396 980 1558 1018 quoque
1595 968 1638 1007 in
1670 970 1786 1008 textu

202 1027 389 1077 apparet3
414 1026 507 1065 uide
528 1027 612 1066 Ioh.
632 1027 759 1079 Kelle,
785 1027 904 1066 klass.
925 1026 1240 1066 Handschriften
1264 1026 1306 1065 in
1332 1027 1484 1079 Prager
1503 1027 1786 1068 Bibliotheken

200 1099 238 1136 p.
268 1086 321 1125 15
338 1097 396 1136 sq.

962 1169 986 1208 δ
991 1167 1027 1182 ΙΙΙ

321 1240 463 1279 Altera
487 1241 599 1280 tertii
625 1241 774 1280 ordinis
801 1242 923 1292 stirps
955 1244 1115 1281 constat
1141 1256 1188 1282 ex
1214 1242 1418 1282 codicibus
1450 1240 1551 1282 dms.
1605 1243 1785 1290 Quorum

204 1300 478 1351 antiquissimi
509 1300 589 1340 dds
620 1301 838 1341 admodum
869 1302 1001 1342 manci
1033 1304 1138 1354 sunt,
1170 1303 1342 1342 maxime
1374 1302 1436 1341 sd.

321 1361 383 1399 Ex
414 1360 526 1399 libris
559 1356 831 1415 ddzT(uric.)
868 1375 941 1412 per
970 1362 1091 1402 breue
1130 1363 1309 1414 spatium
1339 1363 1503 1402 restitui
1540 1365 1676 1414 potest
1708 1361 1787 1415 δ”’,

202 1422 310 1461 certo
341 1433 447 1460 unus
479 1434 527 1459 ex
558 1421 849 1472 antiquissimis
881 1422 1062 1461 omnium
1087 1423 1270 1463 codicum
1301 1423 1636 1476 Horatianorum,
1669 1426 1785 1475 quot-

203 1494 304 1544 quot
330 1493 380 1531 ad
404 1493 508 1532 hanc
534 1494 710 1532 aetatem
735 1493 1010 1534 innotuerunt.
1061 1492 1101 1533 δ’
1126 1494 1261 1546 ipsum
1287 1512 1343 1527 =
1359 1495 1383 1534 δ
1398 1493 1452 1547 -Ι-
1468 1496 1494 1534 d
1520 1497 1680 1536 saeculo
1703 1483 1788 1535 ᾖ

204 1566 318 1604 ortus
346 1577 430 1604 esse
450 1564 624 1616 uidetur,
646 1562 710 1603 dm
725 1560 768 1616 (ὃ
783 1563 836 1616 -1-
853 1565 878 1604 d
894 1563 947 1616 -†-
964 1580 983 1604 z
998 1563 1052 1616 -1-
1069 1561 1222 1620 Turic.)
1243 1569 1380 1607 autem
1401 1568 1561 1608 saeculo
1580 1555 1619 1607 V
1631 1555 1788 1608 1101ῇ.

205 1624 319 1671 Quod
352 1625 515 1675 quidem
541 1625 744 1675 exemplar
768 1625 809 1663 in
837 1626 966 1665 sancti
991 1625 1276 1677 Symphoriani
1301 1628 1544 1667 monasterio
1572 1629 1680 1679 apud
1706 1629 1787 1668 Me-

202 1684 460 1724 diomatricos
490 1684 702 1723 minimum
739 1686 802 1724 ter
833 1685 1078 1736 descriptum
1115 1687 1193 1738 est,
1230 1686 1337 1726 unde
1375 1687 1462 1726 nati
1501 1690 1597 1727 sunt
1633 1689 1788 1728 codices

203 1743 238 1796 δ,
258 1744 295 1796 d,
315 1754 346 1783 z.

982 1828 1007 1868 δ

322 1899 346 1938 ὃ
366 1918 422 1931 =
442 1901 565 1940 codex
589 1901 831 1940 Harleianus
865 1902 977 1941 2725
1004 1901 1178 1941 Londini
1209 1902 1251 1940 in
1282 1915 1419 1942 museo
1445 1903 1681 1943 Britannico
1715 1905 1783 1944 ad-

203 1961 407 2010 seruatus3
433 1960 530 2000 olim
548 1961 629 2000 fuit
648 1961 810 2000 Ioannis
831 1961 995 2013 Georgii
1015 1961 1190 2007 Graeuii,
1210 1962 1446 2012 professoris
1465 1963 1785 2016 Ultraiectensis,

202 2020 390 2071 discipuli
420 2021 475 2060 Io.
502 2020 695 2060 Friderici
727 2021 934 2061 Gronouii.
1779 2065 1783 2074 ¹

324 2080 531 2120 Bentleius
551 2081 657 2120 hunc
677 2081 852 2121 codicem
874 2080 1149 2121 Graeuianum
1169 2083 1350 2133 appellat
1369 2082 1486 2134 eique
1514 2096 1637 2134 quam
1662 2075 1788 2134 pluriss

203 2153 315 2178 mum
347 2140 588 2192 confidebat,
619 2142 762 2191 utpote
796 2141 1078 2193 antiquissimo
1110 2141 1430 2182 Horatianorum
1463 2143 1534 2194 qui
1566 2143 1645 2194 ipsi
1676 2143 1789 2183 inno-

204 2201 370 2239 tuerant
389 2200 582 2239 codicum.
611 2200 737 2251 Saepe
753 2201 839 2240 eius
859 2201 1052 2241 lectiones
1065 2200 1218 2253 laudat,
1240 2203 1308 2241 sed
1322 2216 1627 2253 nonnumquam
1646 2204 1787 2255 falsas,

206 2272 252 2299 ac
284 2273 332 2298 ne
365 2260 647 2300 Broukhusius
680 2260 860 2312 quidem,
900 2261 1014 2300 cuius
1047 2261 1274 2301 conlatione
1307 2262 1357 2302 ad
1389 2263 1568 2302 carmina
1601 2276 1635 2302 a.
1672 2265 1786 2303 1864

204 2319 357 2358 edenda
381 2319 446 2358 usi
472 2332 622 2372 sumus,
655 2333 743 2360 eam
769 2320 1022 2373 diligentiam
1048 2320 1304 2374 adhibuerat,
1337 2335 1440 2373 quae
1466 2336 1574 2362 nunc
1605 2337 1684 2363 non
1716 2323 1788 2362 im—

203 2378 348 2419 merito
379 2379 621 2432 requiritur,
661 2380 730 2419 sed
761 2393 854 2420 cum
885 2381 967 2420 alia
998 2381 1200 2433 peccauit,
1238 2383 1327 2421 tum
1358 2382 1450 2422 inde
1483 2396 1507 2422 a
1539 2395 1572 2422 c.
1597 2383 1639 2421 II
1668 2385 1734 2435 13,
1763 2385 1786 2422 5

203 2463 333 2502 usque
374 2452 440 2503 16,
476 2453 529 2490 19
570 2452 896 2503 supplementum
927 2453 1087 2492 saeculo
1125 2439 1228 2492 XHI
1265 2454 1460 2505 scriptum
1501 2467 1574 2504 pro
1613 2455 1790 2507 genuina

207 2510 354 2551 codicis
385 2512 500 2561 parte
531 2512 687 2551 habuit.

327 2570 530 2622 Imagines
563 2571 710 2611 codicis
734 2572 908 2623 reperies
933 2573 975 2611 in
1005 2569 1234 2626 ‘catalogue
1261 2574 1307 2613 of
1334 2573 1496 2614 ancient
1522 2574 1791 2624 manuscripts
1855 2588 1857 2591 ·

206 2629 247 2668 in
288 2630 355 2670 the
397 2631 551 2670 British
591 2628 805 2684 Museum',
846 2634 940 2683 part
979 2635 1022 2684 2,
1062 2633 1196 2672 Latin.
1263 2633 1431 2673 London
1466 2635 1580 2672 1884
1619 2633 1699 2672 tab.
1735 2635 1790 2672 60

187 2718 263 2732 ⁴=
289 2715 320 2741 0.
352 2702 394 2740 H
420 2704 464 2754 4,
493 2704 667 2749 15—5,
706 2705 759 2743 16
803 2705 844 2743 et
896 2704 1006 2753 apud
1053 2704 1264 2743 Chatelain
1304 2705 1325 2743 I
1367 2705 1449 2743 tab.
1487 2704 1695 2744 LXXXIII
1727 2722 1784 2737 =

205 2761 275 2799 fol.
301 2763 378 2800 80γ
397 2779 454 2793 =
480 2763 593 2813 epod.
629 2765 695 2813 17,
725 2765 777 2803 74
805 2785 864 2790 —
889 2776 1008 2802 carm.
1041 2776 1141 2802 saec.
1172 2765 1237 2803 17.
1301 2764 1376 2802 Est
1408 2765 1508 2815 0‚24
1529 2770 1586 2806 ><
1606 2766 1707 2815 0‚20
1731 2780 1783 2805 m.

209 2820 399 2860 foliorum
428 2824 497 2873 97,
521 2835 715 2862 uersuum
743 2825 810 2863 27.
873 2822 1056 2873 Scriptus
1082 2823 1187 2862 circa
1212 2836 1363 2862 annum
1390 2824 1477 2863 850
1502 2825 1790 2865 uetustissimis

208 2880 445 2919 Horatianis
465 2881 581 2921 libris
601 2885 662 2921 est
681 2882 1018 2921 adnumerandus.
1063 2882 1303 2922 Continetur
1319 2883 1516 2922 Horatius
1535 2896 1627 2923 cum
1645 2885 1790 2936 glossis

208 2940 286 2979 Fi:
318 2940 424 2992 uita,
457 2941 656 2992 carmina,
696 2955 760 2981 ars
793 2942 970 2995 poetica,
1003 2942 1171 2995 epodoe,
1210 2956 1369 2982 carmen
1401 2944 1624 2997 saeculare,
1662 2945 1790 2999 epist,
