2008 3230
236 169 301 207 XII
866 169 1152 205 PRAEFATIO,

232 285 422 336 paginam
452 284 635 323 uidemus
667 283 884 333 expletam,
914 282 956 320 in
987 282 1116 320 altera
1139 280 1290 332 pagina
1315 279 1413 318 artis
1438 277 1618 328 poeticae
1642 277 1801 328 reliqua

232 356 325 394 pars
356 344 541 394 sequitur
571 342 652 382 alia
682 355 804 380 manu
830 354 876 380 ac
901 340 1074 390 nigriore
1101 340 1325 378 atramento
1352 337 1519 387 scripta:
1551 349 1675 388 quam
1699 337 1798 376 alte-

231 415 317 441 ram
354 415 518 441 manum
554 401 868 453 significauimus
899 400 1036 438 littera
1066 399 1112 436 E.
1174 398 1237 436 Ad
1268 410 1467 436 summam
1497 397 1530 435 E
1563 397 1722 436 constat
1752 408 1800 435 ex

232 462 293 501 his
325 461 636 501 Horatianorum
667 460 859 498 librorum
890 458 1089 508 partibus:
1121 470 1152 496 c.
1177 457 1198 494 I
1226 458 1261 507 1,
1286 455 1448 494 1—111
1475 456 1544 505 26,
1566 456 1631 494 12.
1683 467 1798 494 serm.

232 521 252 558 I
280 522 323 569 1,
346 520 477 559 1—11
504 522 548 569 5,
569 521 636 558 86.
689 521 732 568 6,
753 518 926 568 34—8,
949 517 1015 556 95.
1066 516 1181 566 epist.
1206 516 1226 553 I
1256 515 1453 565 1,1—-H
1479 516 1523 567 2,
1546 515 1642 554 216.
1693 527 1728 553 a.
1759 526 1798 565 p.

234 581 478 619 441—476.

352 640 384 677 E
418 652 465 677 ex
497 637 710 678 Germania
741 636 943 687 superiore
976 635 1167 674 oriundus
1199 636 1276 674 est:

412 710 439 736 s.
472 697 512 735 II
544 699 582 748 4,
605 699 658 736 37
693 697 864 744 aferrere
892 707 965 744 pro
998 706 1190 739 auerrere,

412 769 440 795 s.
472 757 512 794 Π
547 758 584 804 6,
606 757 659 794 44
693 756 837 794 calliam
867 767 939 804 pro
968 755 1133 802 yallina,

414 828 443 854 s.
475 816 515 853 II
550 817 586 866 7,
608 816 662 853 35
687 815 866 863 plateras
895 826 968 863 pro
1001 814 1181 859 blateras,

411 875 525 924 epist.
556 874 597 912 Π
630 875 772 925 2,107
805 874 1035 921 feneramur
1063 885 1136 923 pro
1167 875 1416 912 ueneramtur.

353 945 409 984 Of.
441 945 618 995 proxime
650 944 819 983 adfinem
849 944 869 992 ξ
901 939 1147 997 (imbrobus).

348 1005 501 1042 Partim
532 1004 706 1043 dictatus
739 1005 816 1052 est,
853 1003 1002 1053 partim
1033 1003 1271 1055 descriptus,
1309 1003 1430 1053 idque
1463 1016 1510 1042 ex
1539 1002 1641 1041 libro
1673 1000 1798 1040 mino-

233 1064 344 1102 ribus
375 1063 522 1101 litteris
552 1063 673 1113 picto,
705 1064 753 1101 cf.
780 1075 809 1101 s.
835 1063 875 1100 II
904 1065 941 1112 7,
961 1063 1035 1102 35:
1067 1064 1194 1102 clama
1223 1075 1296 1113 pro
1328 1063 1449 1101 dama
1478 1062 1511 1101 E
1531 1075 1590 1112 pr.

348 1122 525 1161 Alterius
565 1134 708 1161 manus
747 1124 996 1161 correcturae
1033 1123 1075 1160 in
1112 1123 1145 1160 E
1185 1117 1252 1176 (ut
1290 1135 1320 1161 c.
1352 1122 1393 1159 II
1420 1123 1464 1170 6,
1492 1119 1535 1173 1)
1573 1120 1798 1159 rarissimae

231 1183 335 1230 sunt,
366 1195 494 1232 neque
528 1193 594 1220 eas
627 1181 861 1233 diligentius
887 1194 933 1220 ac
957 1195 1029 1232 per
1053 1183 1186 1221 totum
1210 1181 1358 1220 librum
1383 1181 1540 1220 additas
1566 1192 1650 1219 esse
1676 1192 1798 1230 appa-

230 1243 307 1280 ret:
340 1241 485 1280 etenim
518 1241 640 1280 etiam
671 1241 868 1280 eiusmodi
900 1241 1044 1280 menda
1074 1242 1363 1292 remanserunt,
1396 1253 1499 1291 quae
1531 1240 1650 1290 plane
1681 1251 1800 1278 sensu

230 1303 386 1350 carent,
418 1300 556 1350 qualia
586 1302 697 1339 sunt:

409 1373 440 1399 c.
501 1360 520 1398 I
583 1361 621 1411 8,
646 1362 700 1399 10
731 1361 856 1399 catius
885 1373 958 1410 pro
991 1362 1154 1405 cautius

410 1433 439 1458 c.
460 1419 522 1457 III
555 1421 622 1471 23,
644 1420 699 1459 20
730 1420 834 1467 ferre
864 1432 936 1469 pro
967 1420 1089 1468 farre,

410 1492 439 1517 c.
460 1479 522 1516 ΙΙΙ
554 1480 620 1530 24,
643 1480 697 1517 28
730 1480 943 1527 subscripsi
973 1492 1045 1529 pro
1078 1479 1277 1518 subscribi.

232 1550 438 1588 Interdum
467 1551 498 1588 I
523 1551 644 1602 longa
675 1550 716 1588 in
748 1550 864 1589 initio
897 1550 1148 1602 singularum
1179 1562 1327 1589 uocum
1357 1549 1573 1599 reperitur:

408 1610 588 1658 Iuppiter
618 1623 650 1649 c.
681 1610 701 1647 Ι
729 1611 795 1659 11,
818 1612 854 1648 4.
1252 1612 1256 1616 “

408 1669 545 1707 Iocum
576 1669 689 1719 epist.
722 1669 742 1707 I
776 1671 842 1721 19,
864 1670 931 1708 20.

347 1740 592 1779 Litterarum
630 1740 847 1792 ligaturae:
881 1732 914 1778 N
939 1758 995 1771 =
1020 1743 1079 1791 m,
1117 1734 1224 1782 V‘N5
1256 1757 1311 1770 =
1332 1751 1397 1790 us,
1428 1740 1476 1778 ut
1514 1751 1546 1778 c.
1578 1739 1598 1777 I
1632 1739 1699 1790 28,
1727 1740 1795 1778 21.

235 1801 302 1850 27,
325 1801 390 1837 22.
454 1801 480 1839 Γ,
502 1817 557 1831 =
577 1801 655 1849 sed,
687 1813 767 1839 non
797 1803 869 1838 set:
900 1800 971 1840 1¹2&
1003 1813 1033 1838 c.
1054 1799 1114 1837 ΠΙ
1142 1801 1179 1850 1,
1201 1800 1257 1838 40
1278 1816 1333 1829 =
1354 1799 1465 1838 sedet.

347 1859 380 1896 E
407 1861 447 1897 et
471 1859 512 1897 in
538 1859 781 1899 carminibus
813 1855 852 1911 (Ι
880 1859 1038 1897 1—111
1072 1861 1138 1909 26,
1163 1853 1236 1910 12)
1269 1860 1310 1897 et
1333 1858 1375 1897 in
1402 1857 1649 1897 sermonibus
1677 1857 1799 1908 primi

229 1918 380 1956 ordinis
405 1920 466 1957 est
497 1920 537 1957 et
562 1919 687 1958 codici
712 1915 751 1966 ξ’
778 1918 991 1957 admodum
1024 1917 1182 1969 adfinis3
1214 1918 1255 1956 in
1288 1917 1472 1968 epistulis
1502 1930 1600 1956 uero
1627 1916 1801 1957 secundo

229 1977 357 2019 ordini
389 1978 709 2016 adnumerandus
737 1972 849 2031 (uide
875 1977 1173 2028 discriptionem
1199 1972 1426 2030 classium),
1450 1977 1508 2015 ibi
1532 1976 1710 2026 proxime
1731 1976 1796 2015 ab-

227 2048 310 2075 esse
341 2036 503 2075 uidetur
534 2050 558 2076 a
588 2037 721 2077 codice
752 2051 790 2088 g,

347 2095 459 2141 Quod
484 2097 535 2135 ad
563 2096 889 2148 orthographiam
909 2110 945 2147 q.
966 2097 1002 2135 d.
1023 2096 1182 2148 attinet,
1201 2096 1243 2134 in
1262 2096 1295 2134 E
1316 2095 1539 2146 posteriora
1564 2108 1654 2134 cum
1679 2096 1797 2135 uetu-

229 2154 416 2194 stioribus
447 2156 574 2194 mixta
604 2156 805 2195 uidemus:

405 2228 434 2253 c.
467 2215 486 2253 I
519 2217 587 2266 28,
609 2216 664 2255 30
725 2217 887 2265 neyliyis
918 2228 1010 2255 cum
1040 2211 1136 2266 u'g,

407 2287 434 2313 s.
466 2275 486 2312 I
549 2277 586 2325 2,
612 2278 629 2313 1
726 2276 898 2324 conleyia
928 2276 961 2313 E
995 2269 1158 2328 (coleyia
1188 2268 1260 2327 R),

405 2346 433 2371 s.
465 2334 485 2371 I
547 2335 585 2385 4,
610 2337 661 2373 19
722 2335 916 2383 hirquinis
947 2347 1038 2373 cum
1069 2333 1245 2372 ML1r1
1273 2340 1335 2384 c1,
1365 2334 1492 2382 recte,

719 2395 865 2433 larisae
895 2407 925 2433 c.
952 2394 973 2432 I
1001 2395 1036 2444 7,
1060 2395 1110 2431 11
1146 2394 1252 2431 recte
1284 2405 1376 2431 oum
1406 2392 1460 2429 L1
1475 2392 1530 2430 Rl
1543 2399 1604 2441 rl,

406 2464 434 2490 s.
466 2452 507 2489 II
540 2453 680 2502 3,186
714 2454 850 2501 uozpes
879 2454 985 2492 recte
1017 2465 1109 2491 cum
1139 2461 1173 2502 ψ
1192 2452 1207 2490 1
1225 2464 1283 2502 pr.
1316 2451 1425 2502 Reg,

406 2523 433 2549 s.
465 2511 506 2548 H
538 2514 575 2562 5,
597 2513 651 2550 62
713 2513 842 2552 iuewis
872 2513 925 2562 Ε,

406 2581 435 2607 s.
466 2570 507 2607 H
539 2571 646 2622 5,73
710 2572 848 2611 adimat
878 2572 950 2610 El.

347 2640 503 2690 Vbique
534 2641 705 2692 legimus
735 2645 883 2681 ‘motare
912 2655 984 2692 pro
1015 2644 1179 2686 matare,
1210 2641 1291 2680 uid.
1312 2640 1468 2691 Epileg.
1495 2640 1546 2678 ad
1571 2652 1602 2678 c.
1621 2639 1643 2678 I
1663 2641 1700 2691 2,
1721 2641 1793 2691 413

231 2711 333 2747 quae
365 2699 524 2749 quidem
556 2701 754 2750 scriptura
784 2704 999 2752 propterea
1029 2701 1207 2740 nondum
1238 2700 1416 2739 extitisse
1451 2699 1633 2749 putanda
1663 2700 1725 2738 est
1754 2699 1797 2738 in

231 2755 299 2806 E',
332 2758 426 2806 quia
458 2772 477 2796 e
509 2759 550 2797 id
580 2773 659 2799 non
690 2761 854 2810 praebet
886 2756 935 2813 (s.
965 2761 986 2798 I
1020 2762 1057 2809 1,
1079 2758 1165 2812 18).

348 2813 415 2854 ‘In
446 2830 565 2855 usum
595 2816 806 2869 Delphini'
837 2822 886 2858 ut
917 2820 1057 2860 dicunt
1085 2831 1228 2869 uersus
1259 2831 1288 2857 S.
1320 2818 1340 2857 I
1374 2819 1411 2870 3,
1435 2819 1516 2857 107
1551 2817 1593 2856 in
1618 2818 1651 2856 Ε
1678 2817 1796 2857 omis-

231 2886 297 2912 sus
331 2876 399 2913 est.

349 2946 407 2984 De
439 2947 622 2997 epistulis
652 2935 811 2988 uidefi
843 2950 1030 2990 ordinem.
