<?xml version="1.0" encoding="UTF-8"?>
<!DOCTYPE html PUBLIC "-//W3C//DTD XHTML 1.0 Transitional//EN"
    "http://www.w3.org/TR/xhtml1/DTD/xhtml1-transitional.dtd">
<html xmlns="http://www.w3.org/1999/xhtml" xml:lang="en" lang="en">
 <head>
  <title>
</title>
<meta http-equiv="Content-Type" content="text/html;charset=utf-8" />
  <meta name='ocr-system' content='tesseract 3.04.00' />
  <meta name='ocr-capabilities' content='ocr_page ocr_carea ocr_par ocr_line ocrx_word'/>
</head>
<body>
  <div class='ocr_page' id='page_1' title='image "./operahora01horauoft_0479.png"; bbox 0 0 2002 3224; ppageno 0'>
   <div class='ocr_carea' id='block_1_1' title="bbox 660 128 1737 172">
    <p class='ocr_par' dir='ltr' id='par_1_1' title="bbox 660 128 1737 172">
     <span class='ocr_line' id='line_1_1' title="bbox 660 128 1737 172; baseline 0.002 -5"><span class='ocrx_word' id='word_1_1' title='bbox 660 129 918 167; x_wconf 84' lang='lat' dir='ltr'><strong>EXOERPTA</strong></span> <span class='ocrx_word' id='word_1_2' title='bbox 944 128 1241 172; x_wconf 83' lang='lat' dir='ltr'>CRVQVIANA.</span> <span class='ocrx_word' id='word_1_3' title='bbox 1651 129 1737 172; x_wconf 77' lang='lat'>367</span> 
     </span>
    </p>
   </div>
   <div class='ocr_carea' id='block_1_2' title="bbox 155 235 1744 2390">
    <p class='ocr_par' dir='ltr' id='par_1_2' title="bbox 159 235 1741 447">
     <span class='ocr_line' id='line_1_2' title="bbox 159 235 1741 285; baseline -0.001 -11"><span class='ocrx_word' id='word_1_4' title='bbox 159 238 288 274; x_wconf 69' lang='lat' dir='ltr'>verum</span> <span class='ocrx_word' id='word_1_5' title='bbox 320 236 362 273; x_wconf 90' lang='lat' dir='ltr'>in</span> <span class='ocrx_word' id='word_1_6' title='bbox 392 235 702 274; x_wconf 72' lang='lat' dir='ltr'><strong>annotationibus</strong></span> <span class='ocrx_word' id='word_1_7' title='bbox 741 237 924 285; x_wconf 87' lang='lat' dir='ltr'>scriptum</span> <span class='ocrx_word' id='word_1_8' title='bbox 962 238 1038 284; x_wconf 90' lang='lat' dir='ltr'>est,</span> <span class='ocrx_word' id='word_1_9' title='bbox 1076 236 1294 285; x_wconf 82' lang='lat' dir='ltr'>ex-ltracta,</span> <span class='ocrx_word' id='word_1_10' title='bbox 1330 235 1432 282; x_wconf 90' lang='lat' dir='ltr'>quod</span> <span class='ocrx_word' id='word_1_11' title='bbox 1463 235 1559 271; x_wconf 86' lang='lat' dir='ltr'>mihi</span> <span class='ocrx_word' id='word_1_12' title='bbox 1591 236 1741 272; x_wconf 86' lang='lat' dir='ltr'>videtur</span> 
     </span>
     <span class='ocr_line' id='line_1_3' title="bbox 160 289 1739 338; baseline -0.001 -11"><span class='ocrx_word' id='word_1_13' title='bbox 160 291 283 338; x_wconf 82' lang='lat' dir='ltr'>magis</span> <span class='ocrx_word' id='word_1_14' title='bbox 310 291 514 337; x_wconf 84' lang='lat' dir='ltr'><strong>quadrare:</strong></span> <span class='ocrx_word' id='word_1_15' title='bbox 547 321 555 330; x_wconf 86' lang='lat'>.</span> <span class='ocrx_word' id='word_1_16' title='bbox 572 321 580 329; x_wconf 90' lang='lat'>.</span> <span class='ocrx_word' id='word_1_17' title='bbox 595 321 603 329; x_wconf 94' lang='lat'>.</span> <span class='ocrx_word' id='word_1_18' title='bbox 623 291 828 328; x_wconf 82' lang='lat' dir='ltr'>Lambinus</span> <span class='ocrx_word' id='word_1_19' title='bbox 861 291 1075 328; x_wconf 89' lang='lat' dir='ltr'>admonitus</span> <span class='ocrx_word' id='word_1_20' title='bbox 1102 292 1125 326; x_wconf 73' lang='lat' dir='ltr'>a</span> <span class='ocrx_word' id='word_1_21' title='bbox 1151 290 1338 327; x_wconf 83' lang='lat' dir='ltr'>Gulielmo</span> <span class='ocrx_word' id='word_1_22' title='bbox 1370 289 1514 326; x_wconf 84' lang='lat' dir='ltr'>Faerno</span> <span class='ocrx_word' id='word_1_23' title='bbox 1545 289 1643 336; x_wconf 87' lang='lat' dir='ltr'>legit</span> <span class='ocrx_word' id='word_1_24' title='bbox 1679 301 1739 325; x_wconf 87' lang='lat' dir='ltr'>ex-</span> 
     </span>
     <span class='ocr_line' id='line_1_4' title="bbox 159 343 1740 392; baseline -0.001 -10"><span class='ocrx_word' id='word_1_25' title='bbox 159 348 284 391; x_wconf 88' lang='lat' dir='ltr'>sucta,</span> <span class='ocrx_word' id='word_1_26' title='bbox 322 344 384 381; x_wconf 92' lang='lat' dir='ltr'>cui</span> <span class='ocrx_word' id='word_1_27' title='bbox 422 345 627 382; x_wconf 78' lang='lat' dir='ltr'><strong>subscribit</strong></span> <span class='ocrx_word' id='word_1_28' title='bbox 658 346 776 382; x_wconf 83' lang='lat' dir='ltr'>codex</span> <span class='ocrx_word' id='word_1_29' title='bbox 807 345 974 382; x_wconf 85' lang='lat' dir='ltr'>Carrion.</span> <span class='ocrx_word' id='word_1_30' title='bbox 987 346 1012 392; x_wconf 89' lang='lat'>¹)</span> <span class='ocrx_word' id='word_1_31' title='bbox 1056 343 1336 391; x_wconf 85' lang='lat' dir='ltr'>manuscriptus</span> <span class='ocrx_word' id='word_1_32' title='bbox 1368 355 1454 380; x_wconf 88' lang='lat' dir='ltr'>cum</span> <span class='ocrx_word' id='word_1_33' title='bbox 1491 343 1740 380; x_wconf 71' lang='lat' dir='ltr'>adnotatione</span> 
     </span>
     <span class='ocr_line' id='line_1_5' title="bbox 159 398 1739 447; baseline -0.001 -11"><span class='ocrx_word' id='word_1_34' title='bbox 159 399 331 436; x_wconf 90' lang='lat' dir='ltr'>codicum</span> <span class='ocrx_word' id='word_1_35' title='bbox 356 398 645 435; x_wconf 89' lang='lat' dir='ltr'>Blandiniorum</span> <span class='ocrx_word' id='word_1_36' title='bbox 671 401 785 447; x_wconf 75' lang='lat' dir='ltr'>supra</span> <span class='ocrx_word' id='word_1_37' title='bbox 810 399 924 436; x_wconf 78' lang='lat' dir='ltr'>dicta.</span> <span class='ocrx_word' id='word_1_38' title='bbox 962 399 1082 435; x_wconf 89' lang='lat' dir='ltr'>habet</span> <span class='ocrx_word' id='word_1_39' title='bbox 1106 398 1209 435; x_wconf 90' lang='lat' dir='ltr'>enim</span> <span class='ocrx_word' id='word_1_40' title='bbox 1234 399 1370 435; x_wconf 87' lang='lat' dir='ltr'>exucta</span> <span class='ocrx_word' id='word_1_41' title='bbox 1394 398 1435 433; x_wconf 91' lang='lat' dir='ltr'>id</span> <span class='ocrx_word' id='word_1_42' title='bbox 1460 399 1530 444; x_wconf 83' lang='lat' dir='ltr'>est,</span> <span class='ocrx_word' id='word_1_43' title='bbox 1557 399 1739 434; x_wconf 77' lang='lat' dir='ltr'>extracta.</span> 
     </span>
    </p>

    <p class='ocr_par' dir='ltr' id='par_1_3' title="bbox 276 451 1740 500">
     <span class='ocr_line' id='line_1_6' title="bbox 276 451 1740 500; baseline -0.001 -11"><span class='ocrx_word' id='word_1_44' title='bbox 276 457 336 490; x_wconf 86' lang='lat'>46.</span> <span class='ocrx_word' id='word_1_45' title='bbox 367 466 403 500; x_wconf 88' lang='lat' dir='ltr'>p.</span> <span class='ocrx_word' id='word_1_46' title='bbox 418 456 476 490; x_wconf 86' lang='lat'>63.</span> <span class='ocrx_word' id='word_1_47' title='bbox 513 453 675 500; x_wconf 74' lang='lat' dir='ltr'>Deripit.</span> <span class='ocrx_word' id='word_1_48' title='bbox 715 453 770 490; x_wconf 87' lang='lat' dir='ltr'>sic</span> <span class='ocrx_word' id='word_1_49' title='bbox 787 453 932 489; x_wconf 83' lang='lat' dir='ltr'>habent</span> <span class='ocrx_word' id='word_1_50' title='bbox 950 452 1098 489; x_wconf 87' lang='lat' dir='ltr'>codices</span> <span class='ocrx_word' id='word_1_51' title='bbox 1117 452 1252 489; x_wconf 89' lang='lat' dir='ltr'>Bland.</span> <span class='ocrx_word' id='word_1_52' title='bbox 1271 464 1348 488; x_wconf 90' lang='lat' dir='ltr'>non</span> <span class='ocrx_word' id='word_1_53' title='bbox 1368 453 1409 488; x_wconf 89' lang='lat' dir='ltr'>vt</span> <span class='ocrx_word' id='word_1_54' title='bbox 1426 451 1541 498; x_wconf 80' lang='lat' dir='ltr'>vulgo</span> <span class='ocrx_word' id='word_1_55' title='bbox 1562 451 1740 500; x_wconf 52' lang='lat' dir='ltr'>diri-{piu</span> 
     </span>
    </p>

    <p class='ocr_par' dir='ltr' id='par_1_4' title="bbox 156 505 1742 706">
     <span class='ocr_line' id='line_1_7' title="bbox 278 505 1742 554; baseline -0.001 -12"><span class='ocrx_word' id='word_1_56' title='bbox 278 510 335 544; x_wconf 87' lang='lat'>55.</span> <span class='ocrx_word' id='word_1_57' title='bbox 361 519 397 554; x_wconf 88' lang='lat' dir='ltr'>p.</span> <span class='ocrx_word' id='word_1_58' title='bbox 413 510 469 543; x_wconf 87' lang='grc'>64.</span> <span class='ocrx_word' id='word_1_59' title='bbox 519 508 775 552; x_wconf 72' lang='lat' dir='ltr'>formidolosae.</span> <span class='ocrx_word' id='word_1_60' title='bbox 835 506 889 543; x_wconf 86' lang='lat' dir='ltr'>sic</span> <span class='ocrx_word' id='word_1_61' title='bbox 921 505 1101 553; x_wconf 89' lang='lat' dir='ltr'>scriptum</span> <span class='ocrx_word' id='word_1_62' title='bbox 1135 507 1194 542; x_wconf 89' lang='lat' dir='ltr'>est</span> <span class='ocrx_word' id='word_1_63' title='bbox 1223 506 1264 542; x_wconf 92' lang='lat' dir='ltr'>in</span> <span class='ocrx_word' id='word_1_64' title='bbox 1295 510 1329 543; x_wconf 88' lang='lat'>4.</span> <span class='ocrx_word' id='word_1_65' title='bbox 1362 506 1444 542; x_wconf 89' lang='lat' dir='ltr'>cod.</span> <span class='ocrx_word' id='word_1_66' title='bbox 1482 506 1615 542; x_wconf 90' lang='lat' dir='ltr'>Bland.</span> <span class='ocrx_word' id='word_1_67' title='bbox 1656 517 1742 541; x_wconf 93' lang='lat' dir='ltr'>cum</span> 
     </span>
     <span class='ocr_line' id='line_1_8' title="bbox 158 559 1739 607; baseline -0.001 -10"><span class='ocrx_word' id='word_1_68' title='bbox 158 561 403 598; x_wconf 71' lang='lat' dir='ltr'>annotatione</span> <span class='ocrx_word' id='word_1_69' title='bbox 427 560 518 607; x_wconf 90' lang='lat' dir='ltr'>hac,</span> <span class='ocrx_word' id='word_1_70' title='bbox 550 562 704 607; x_wconf 87' lang='lat' dir='ltr'>propter</span> <span class='ocrx_word' id='word_1_71' title='bbox 728 561 920 597; x_wconf 83' lang='lat' dir='ltr'>horrorem</span> <span class='ocrx_word' id='word_1_72' title='bbox 950 559 1074 596; x_wconf 88' lang='lat' dir='ltr'>noctis</span> <span class='ocrx_word' id='word_1_73' title='bbox 1100 559 1132 594; x_wconf 68' lang='lat'>85</span> <span class='ocrx_word' id='word_1_74' title='bbox 1156 559 1338 596; x_wconf 87' lang='lat' dir='ltr'>ferarum:</span> <span class='ocrx_word' id='word_1_75' title='bbox 1372 560 1438 596; x_wconf 87' lang='lat' dir='ltr'>sed</span> <span class='ocrx_word' id='word_1_76' title='bbox 1471 560 1573 606; x_wconf 86' lang='lat' dir='ltr'>quod</span> <span class='ocrx_word' id='word_1_77' title='bbox 1604 571 1739 606; x_wconf 88' lang='lat' dir='ltr'>parum</span> 
     </span>
     <span class='ocr_line' id='line_1_9' title="bbox 156 613 1741 661; baseline -0.001 -10"><span class='ocrx_word' id='word_1_78' title='bbox 156 615 367 661; x_wconf 84' lang='lat' dir='ltr'>interesset,</span> <span class='ocrx_word' id='word_1_79' title='bbox 406 613 438 649; x_wconf 70' lang='lat'>85</span> <span class='ocrx_word' id='word_1_80' title='bbox 475 615 591 651; x_wconf 89' lang='lat' dir='ltr'>aliam</span> <span class='ocrx_word' id='word_1_81' title='bbox 628 614 915 651; x_wconf 73' lang='lat' dir='ltr'>annotationem</span> <span class='ocrx_word' id='word_1_82' title='bbox 951 613 1181 659; x_wconf 88' lang='lat' dir='ltr'>inuenirem,</span> <span class='ocrx_word' id='word_1_83' title='bbox 1217 614 1322 650; x_wconf 90' lang='lat' dir='ltr'>nolui</span> <span class='ocrx_word' id='word_1_84' title='bbox 1358 615 1506 650; x_wconf 88' lang='lat' dir='ltr'>mutare</span> <span class='ocrx_word' id='word_1_85' title='bbox 1545 619 1741 650; x_wconf 75' lang='lat' dir='ltr'>commune</span> 
     </span>
     <span class='ocr_line' id='line_1_10' title="bbox 158 668 370 706; baseline 0.009 -2"><span class='ocrx_word' id='word_1_86' title='bbox 158 668 370 706; x_wconf 88' lang='lat' dir='ltr'>lectionem.</span> 
     </span>
    </p>

    <p class='ocr_par' dir='ltr' id='par_1_5' title="bbox 155 720 1742 868">
     <span class='ocr_line' id='line_1_11' title="bbox 275 720 1742 769; baseline 0 -11"><span class='ocrx_word' id='word_1_87' title='bbox 275 725 332 760; x_wconf 85' lang='lat'>58.</span> <span class='ocrx_word' id='word_1_88' title='bbox 385 722 492 766; x_wconf 86' lang='lat' dir='ltr'>Quod</span> <span class='ocrx_word' id='word_1_89' title='bbox 523 723 652 759; x_wconf 88' lang='lat' dir='ltr'>autem</span> <span class='ocrx_word' id='word_1_90' title='bbox 685 722 832 758; x_wconf 86' lang='lat' dir='ltr'>Subura</span> <span class='ocrx_word' id='word_1_91' title='bbox 856 733 924 769; x_wconf 89' lang='lat' dir='ltr'>per</span> <span class='ocrx_word' id='word_1_92' title='bbox 950 721 1101 758; x_wconf 88' lang='lat' dir='ltr'>vnicum</span> <span class='ocrx_word' id='word_1_93' title='bbox 1125 734 1160 767; x_wconf 86' lang='lat' dir='ltr'>r,</span> <span class='ocrx_word' id='word_1_94' title='bbox 1189 721 1303 757; x_wconf 78' lang='lat' dir='ltr'><strong>scribi</strong></span> <span class='ocrx_word' id='word_1_95' title='bbox 1334 721 1490 768; x_wconf 90' lang='lat' dir='ltr'>debeat,</span> <span class='ocrx_word' id='word_1_96' title='bbox 1517 720 1548 757; x_wconf 78' lang='lat'>&amp;</span> <span class='ocrx_word' id='word_1_97' title='bbox 1572 733 1649 758; x_wconf 92' lang='lat' dir='ltr'>non</span> <span class='ocrx_word' id='word_1_98' title='bbox 1675 722 1742 758; x_wconf 83' lang='lat' dir='ltr'>Su-</span> 
     </span>
     <span class='ocr_line' id='line_1_12' title="bbox 155 775 1742 824; baseline -0.001 -11"><span class='ocrx_word' id='word_1_99' title='bbox 155 776 286 823; x_wconf 82' lang='lat' dir='ltr'>burra3</span> <span class='ocrx_word' id='word_1_100' title='bbox 313 778 508 824; x_wconf 57' lang='lat' dir='ltr'>argumtto</span> <span class='ocrx_word' id='word_1_101' title='bbox 533 776 643 813; x_wconf 92' lang='lat' dir='ltr'>nobis</span> <span class='ocrx_word' id='word_1_102' title='bbox 670 778 759 813; x_wconf 87' lang='lat' dir='ltr'>sunt</span> <span class='ocrx_word' id='word_1_103' title='bbox 778 788 908 813; x_wconf 90' lang='lat' dir='ltr'>omnes</span> <span class='ocrx_word' id='word_1_104' title='bbox 929 775 1079 822; x_wconf 88' lang='lat' dir='ltr'>antiqui</span> <span class='ocrx_word' id='word_1_105' title='bbox 1105 775 1257 812; x_wconf 89' lang='lat' dir='ltr'>codices</span> <span class='ocrx_word' id='word_1_106' title='bbox 1283 775 1551 822; x_wconf 87' lang='lat' dir='ltr'>manuscripti,</span> <span class='ocrx_word' id='word_1_107' title='bbox 1575 775 1742 822; x_wconf 87' lang='lat' dir='ltr'>idipsum</span> 
     </span>
     <span class='ocr_line' id='line_1_13' title="bbox 157 829 758 868; baseline 0.003 -2"><span class='ocrx_word' id='word_1_108' title='bbox 157 829 275 867; x_wconf 88' lang='lat' dir='ltr'>etiam</span> <span class='ocrx_word' id='word_1_109' title='bbox 301 832 538 867; x_wconf 84' lang='lat' dir='ltr'>contestante</span> <span class='ocrx_word' id='word_1_110' title='bbox 563 829 758 868; x_wconf 88' lang='lat' dir='ltr'>Lambino.</span> 
     </span>
    </p>

    <p class='ocr_par' dir='ltr' id='par_1_6' title="bbox 274 883 1459 933">
     <span class='ocr_line' id='line_1_14' title="bbox 274 883 1459 933; baseline 0 -12"><span class='ocrx_word' id='word_1_111' title='bbox 274 885 525 923; x_wconf 80' lang='lat' dir='ltr'>Laborwrwnt.</span> <span class='ocrx_word' id='word_1_112' title='bbox 577 884 896 933; x_wconf 72' lang='lat' dir='ltr'>anti-lquissimus</span> <span class='ocrx_word' id='word_1_113' title='bbox 923 884 1049 921; x_wconf 81' lang='lat' dir='ltr'>Codex</span> <span class='ocrx_word' id='word_1_114' title='bbox 1073 884 1195 920; x_wconf 86' lang='lat' dir='ltr'>habet</span> <span class='ocrx_word' id='word_1_115' title='bbox 1218 883 1459 921; x_wconf 72' lang='lat' dir='ltr'>Laborarint.</span> 
     </span>
    </p>

    <p class='ocr_par' dir='ltr' id='par_1_7' title="bbox 156 938 1738 1041">
     <span class='ocr_line' id='line_1_15' title="bbox 275 938 1738 987; baseline -0.001 -10"><span class='ocrx_word' id='word_1_116' title='bbox 275 939 489 987; x_wconf 80' lang='lat' dir='ltr'>Superbam.</span> <span class='ocrx_word' id='word_1_117' title='bbox 535 939 589 975; x_wconf 82' lang='lat' dir='ltr'>sic</span> <span class='ocrx_word' id='word_1_118' title='bbox 614 938 755 976; x_wconf 87' lang='lat' dir='ltr'>offendi</span> <span class='ocrx_word' id='word_1_119' title='bbox 780 939 820 975; x_wconf 91' lang='lat' dir='ltr'>in</span> <span class='ocrx_word' id='word_1_120' title='bbox 844 942 877 976; x_wconf 88' lang='grc'>4.</span> <span class='ocrx_word' id='word_1_121' title='bbox 905 938 1099 975; x_wconf 81' lang='lat' dir='ltr'>codicibus</span> <span class='ocrx_word' id='word_1_122' title='bbox 1118 938 1227 976; x_wconf 71' lang='lat' dir='ltr'>Blad.</span> <span class='ocrx_word' id='word_1_123' title='bbox 1254 939 1365 975; x_wconf 71' lang='lat' dir='ltr'>cotra</span> <span class='ocrx_word' id='word_1_124' title='bbox 1388 938 1588 984; x_wconf 86' lang='lat' dir='ltr'>vulgatam</span> <span class='ocrx_word' id='word_1_125' title='bbox 1607 938 1738 975; x_wconf 88' lang='lat' dir='ltr'>lectio-</span> 
     </span>
     <span class='ocr_line' id='line_1_16' title="bbox 156 994 456 1041; baseline 0 -11"><span class='ocrx_word' id='word_1_126' title='bbox 156 1004 255 1041; x_wconf 88' lang='lat' dir='ltr'>nem,</span> <span class='ocrx_word' id='word_1_127' title='bbox 281 994 456 1040; x_wconf 86' lang='lat' dir='ltr'>superba.</span> 
     </span>
    </p>

    <p class='ocr_par' dir='ltr' id='par_1_8' title="bbox 155 1046 1740 1148">
     <span class='ocr_line' id='line_1_17' title="bbox 277 1046 1740 1096; baseline 0 -13"><span class='ocrx_word' id='word_1_128' title='bbox 277 1051 356 1084; x_wconf 90' lang='grc'>100.</span> <span class='ocrx_word' id='word_1_129' title='bbox 382 1060 418 1094; x_wconf 87' lang='lat' dir='ltr'>p.</span> <span class='ocrx_word' id='word_1_130' title='bbox 434 1051 492 1083; x_wconf 87' lang='grc'>67.</span> <span class='ocrx_word' id='word_1_131' title='bbox 541 1047 752 1094; x_wconf 76' lang='lat' dir='ltr'>Esquilinae</span> <span class='ocrx_word' id='word_1_132' title='bbox 783 1048 900 1084; x_wconf 80' lang='lat' dir='ltr'>alites.</span> <span class='ocrx_word' id='word_1_133' title='bbox 951 1046 1008 1083; x_wconf 90' lang='lat' dir='ltr'>ita</span> <span class='ocrx_word' id='word_1_134' title='bbox 1038 1046 1162 1094; x_wconf 86' lang='lat' dir='ltr'>reperi</span> <span class='ocrx_word' id='word_1_135' title='bbox 1192 1046 1233 1083; x_wconf 91' lang='lat' dir='ltr'>in</span> <span class='ocrx_word' id='word_1_136' title='bbox 1265 1048 1428 1093; x_wconf 90' lang='lat' dir='ltr'>quatuor</span> <span class='ocrx_word' id='word_1_137' title='bbox 1458 1047 1540 1084; x_wconf 90' lang='lat' dir='ltr'>cod.</span> <span class='ocrx_word' id='word_1_138' title='bbox 1575 1046 1740 1096; x_wconf 78' lang='lat' dir='ltr'>Blandi-1</span> 
     </span>
     <span class='ocr_line' id='line_1_18' title="bbox 155 1100 607 1148; baseline -0.004 -11"><span class='ocrx_word' id='word_1_139' title='bbox 155 1101 247 1148; x_wconf 85' lang='lat' dir='ltr'>nijs;</span> <span class='ocrx_word' id='word_1_140' title='bbox 274 1112 351 1137; x_wconf 91' lang='lat' dir='ltr'>non</span> <span class='ocrx_word' id='word_1_141' title='bbox 376 1100 607 1147; x_wconf 83' lang='lat' dir='ltr'>Esquiliniae,</span> 
     </span>
    </p>

    <p class='ocr_par' dir='ltr' id='par_1_9' title="bbox 279 1154 1526 1202">
     <span class='ocr_line' id='line_1_19' title="bbox 279 1154 1526 1202; baseline 0.002 -11"><span class='ocrx_word' id='word_1_142' title='bbox 279 1155 389 1202; x_wconf 90' lang='lat' dir='ltr'>epod.</span> <span class='ocrx_word' id='word_1_143' title='bbox 403 1154 443 1191; x_wconf 83' lang='grc'>6.</span> <span class='ocrx_word' id='word_1_144' title='bbox 468 1167 504 1201; x_wconf 88' lang='lat' dir='ltr'>p.</span> <span class='ocrx_word' id='word_1_145' title='bbox 520 1157 577 1192; x_wconf 87' lang='lat'>68.</span> <span class='ocrx_word' id='word_1_146' title='bbox 617 1155 668 1190; x_wconf 75' lang='lat' dir='ltr'>In</span> <span class='ocrx_word' id='word_1_147' title='bbox 695 1154 862 1191; x_wconf 76' lang='lat' dir='ltr'>Cassium</span> <span class='ocrx_word' id='word_1_148' title='bbox 888 1155 1062 1192; x_wconf 79' lang='lat' dir='ltr'>Seuerum</span> <span class='ocrx_word' id='word_1_149' title='bbox 1087 1155 1256 1192; x_wconf 84' lang='lat' dir='ltr'>Iambica</span> <span class='ocrx_word' id='word_1_150' title='bbox 1278 1157 1283 1202; x_wconf 93' lang='grc' dir='ltr'>Ι</span> <span class='ocrx_word' id='word_1_151' title='bbox 1304 1155 1466 1202; x_wconf 78' lang='lat' dir='ltr'>Epodos.</span> <span class='ocrx_word' id='word_1_152' title='bbox 1494 1160 1526 1193; x_wconf 86' lang='lat'>6.</span> 
     </span>
    </p>

    <p class='ocr_par' dir='ltr' id='par_1_10' title="bbox 159 1208 1743 1310">
     <span class='ocr_line' id='line_1_20' title="bbox 276 1208 1743 1256; baseline 0.001 -11"><span class='ocrx_word' id='word_1_153' title='bbox 276 1221 312 1255; x_wconf 90' lang='lat' dir='ltr'>p.</span> <span class='ocrx_word' id='word_1_154' title='bbox 329 1213 385 1245; x_wconf 93' lang='grc'>70.</span> <span class='ocrx_word' id='word_1_155' title='bbox 435 1209 480 1244; x_wconf 81' lang='lat' dir='ltr'>IN</span> <span class='ocrx_word' id='word_1_156' title='bbox 505 1208 752 1255; x_wconf 82' lang='lat' dir='ltr'>inscriptione</span> <span class='ocrx_word' id='word_1_157' title='bbox 782 1208 893 1245; x_wconf 87' lang='lat' dir='ltr'>huius</span> <span class='ocrx_word' id='word_1_158' title='bbox 926 1208 1043 1255; x_wconf 90' lang='lat' dir='ltr'>epodi</span> <span class='ocrx_word' id='word_1_159' title='bbox 1072 1210 1149 1244; x_wconf 88' lang='lat' dir='ltr'>tres</span> <span class='ocrx_word' id='word_1_160' title='bbox 1182 1208 1331 1245; x_wconf 89' lang='lat' dir='ltr'>codices</span> <span class='ocrx_word' id='word_1_161' title='bbox 1356 1209 1551 1256; x_wconf 86' lang='lat' dir='ltr'>Blandinij</span> <span class='ocrx_word' id='word_1_162' title='bbox 1588 1221 1743 1246; x_wconf 88' lang='lat' dir='ltr'>consen-</span> 
     </span>
     <span class='ocr_line' id='line_1_21' title="bbox 159 1262 1113 1310; baseline 0 -11"><span class='ocrx_word' id='word_1_163' title='bbox 159 1265 272 1310; x_wconf 87' lang='lat' dir='ltr'>tiunt,</span> <span class='ocrx_word' id='word_1_164' title='bbox 298 1264 454 1308; x_wconf 86' lang='lat' dir='ltr'>quartus</span> <span class='ocrx_word' id='word_1_165' title='bbox 483 1262 653 1308; x_wconf 87' lang='lat' dir='ltr'>sequitur</span> <span class='ocrx_word' id='word_1_166' title='bbox 678 1262 875 1308; x_wconf 85' lang='lat' dir='ltr'>vulgatam</span> <span class='ocrx_word' id='word_1_167' title='bbox 899 1262 1113 1299; x_wconf 88' lang='lat' dir='ltr'>lectionem.</span> 
     </span>
    </p>

    <p class='ocr_par' dir='ltr' id='par_1_11' title="bbox 155 1317 1742 1526">
     <span class='ocr_line' id='line_1_22' title="bbox 275 1317 1741 1364; baseline -0.001 -10"><span class='ocrx_word' id='word_1_168' title='bbox 275 1330 311 1364; x_wconf 83' lang='lat' dir='ltr'>p.</span> <span class='ocrx_word' id='word_1_169' title='bbox 328 1321 384 1354; x_wconf 90' lang='grc'>71.</span> <span class='ocrx_word' id='word_1_170' title='bbox 438 1317 540 1364; x_wconf 75' lang='lat' dir='ltr'>Quin</span> <span class='ocrx_word' id='word_1_171' title='bbox 570 1317 641 1353; x_wconf 78' lang='lat' dir='ltr'>huc</span> <span class='ocrx_word' id='word_1_172' title='bbox 671 1318 838 1362; x_wconf 56' lang='lat' dir='ltr'>maneae,</span> <span class='ocrx_word' id='word_1_173' title='bbox 870 1318 904 1353; x_wconf 79' lang='lat' dir='ltr'>si</span> <span class='ocrx_word' id='word_1_174' title='bbox 928 1321 1052 1363; x_wconf 79' lang='lat' dir='ltr'>potes,</span> <span class='ocrx_word' id='word_1_175' title='bbox 1089 1321 1184 1354; x_wconf 80' lang='lat' dir='ltr'>verte</span> <span class='ocrx_word' id='word_1_176' title='bbox 1220 1318 1353 1354; x_wconf 75' lang='lat' dir='ltr'>minas.</span> <span class='ocrx_word' id='word_1_177' title='bbox 1403 1317 1502 1353; x_wconf 88' lang='lat' dir='ltr'>hanc</span> <span class='ocrx_word' id='word_1_178' title='bbox 1538 1317 1741 1353; x_wconf 90' lang='lat' dir='ltr'>lectionem</span> 
     </span>
     <span class='ocr_line' id='line_1_23' title="bbox 156 1369 1742 1420; baseline -0.001 -13"><span class='ocrx_word' id='word_1_179' title='bbox 156 1371 276 1407; x_wconf 83' lang='lat' dir='ltr'>habet</span> <span class='ocrx_word' id='word_1_180' title='bbox 300 1371 418 1407; x_wconf 85' lang='lat' dir='ltr'>codex</span> <span class='ocrx_word' id='word_1_181' title='bbox 451 1370 756 1417; x_wconf 88' lang='lat' dir='ltr'>antiquissimus,</span> <span class='ocrx_word' id='word_1_182' title='bbox 789 1369 820 1405; x_wconf 58' lang='grc' dir='ltr'><strong>ὦ</strong></span> <span class='ocrx_word' id='word_1_183' title='bbox 845 1370 964 1407; x_wconf 81' lang='lat' dir='ltr'>codex</span> <span class='ocrx_word' id='word_1_184' title='bbox 989 1370 1154 1407; x_wconf 85' lang='lat' dir='ltr'>Carrion.</span> <span class='ocrx_word' id='word_1_185' title='bbox 1188 1399 1196 1408; x_wconf 93' lang='lat'>.</span> <span class='ocrx_word' id='word_1_186' title='bbox 1213 1400 1220 1407; x_wconf 92' lang='lat'>.</span> <span class='ocrx_word' id='word_1_187' title='bbox 1236 1400 1244 1409; x_wconf 93' lang='lat'>.</span> <span class='ocrx_word' id='word_1_188' title='bbox 1271 1371 1340 1407; x_wconf 59' lang='lat' dir='ltr'>hac</span> <span class='ocrx_word' id='word_1_189' title='bbox 1367 1370 1484 1407; x_wconf 86' lang='lat' dir='ltr'>etiam</span> <span class='ocrx_word' id='word_1_190' title='bbox 1510 1370 1742 1420; x_wconf 75' lang='lat' dir='ltr'>lectio-{nem</span> 
     </span>
     <span class='ocr_line' id='line_1_24' title="bbox 155 1424 1742 1471; baseline -0.001 -10"><span class='ocrx_word' id='word_1_191' title='bbox 155 1425 294 1471; x_wconf 88' lang='lat' dir='ltr'>reliqui</span> <span class='ocrx_word' id='word_1_192' title='bbox 319 1427 395 1461; x_wconf 71' lang='lat' dir='ltr'>tres</span> <span class='ocrx_word' id='word_1_193' title='bbox 421 1425 569 1461; x_wconf 88' lang='lat' dir='ltr'>codices</span> <span class='ocrx_word' id='word_1_194' title='bbox 594 1424 770 1461; x_wconf 87' lang='lat' dir='ltr'>Blandin.</span> <span class='ocrx_word' id='word_1_195' title='bbox 802 1424 844 1459; x_wconf 89' lang='lat' dir='ltr'>in</span> <span class='ocrx_word' id='word_1_196' title='bbox 875 1424 1184 1461; x_wconf 89' lang='lat' dir='ltr'>annotationibus</span> <span class='ocrx_word' id='word_1_197' title='bbox 1193 1424 1223 1471; x_wconf 75' lang='lat'>²)</span> <span class='ocrx_word' id='word_1_198' title='bbox 1249 1427 1478 1471; x_wconf 87' lang='lat' dir='ltr'>agnoscunt,</span> <span class='ocrx_word' id='word_1_199' title='bbox 1511 1436 1599 1461; x_wconf 89' lang='lat' dir='ltr'>nam</span> <span class='ocrx_word' id='word_1_200' title='bbox 1625 1425 1742 1462; x_wconf 85' lang='lat' dir='ltr'>vertis</span> 
     </span>
     <span class='ocr_line' id='line_1_25' title="bbox 156 1477 1404 1526; baseline 0.001 -12"><span class='ocrx_word' id='word_1_201' title='bbox 156 1490 225 1526; x_wconf 85' lang='lat' dir='ltr'>pro</span> <span class='ocrx_word' id='word_1_202' title='bbox 251 1480 440 1525; x_wconf 88' lang='lat' dir='ltr'>conuerte,</span> <span class='ocrx_word' id='word_1_203' title='bbox 466 1477 497 1513; x_wconf 63' lang='lat'>85</span> <span class='ocrx_word' id='word_1_204' title='bbox 516 1479 616 1525; x_wconf 88' lang='lat' dir='ltr'>petis</span> <span class='ocrx_word' id='word_1_205' title='bbox 642 1489 709 1524; x_wconf 89' lang='lat' dir='ltr'>pro</span> <span class='ocrx_word' id='word_1_206' title='bbox 734 1477 905 1526; x_wconf 77' lang='lat' dir='ltr'>impe-{te</span> <span class='ocrx_word' id='word_1_207' title='bbox 930 1478 1096 1525; x_wconf 88' lang='lat' dir='ltr'>positum</span> <span class='ocrx_word' id='word_1_208' title='bbox 1121 1480 1191 1524; x_wconf 90' lang='lat' dir='ltr'>est,</span> <span class='ocrx_word' id='word_1_209' title='bbox 1215 1478 1404 1524; x_wconf 89' lang='lat' dir='ltr'>inquiunt.</span> 
     </span>
    </p>

    <p class='ocr_par' dir='ltr' id='par_1_12' title="bbox 277 1532 1387 1570">
     <span class='ocr_line' id='line_1_26' title="bbox 277 1532 1387 1570; baseline 0.001 -1"><span class='ocrx_word' id='word_1_210' title='bbox 277 1537 309 1569; x_wconf 84' lang='lat'>5.</span> <span class='ocrx_word' id='word_1_211' title='bbox 355 1533 509 1569; x_wconf 77' lang='lat' dir='ltr'>Fuluus</span> <span class='ocrx_word' id='word_1_212' title='bbox 534 1532 674 1568; x_wconf 77' lang='lat' dir='ltr'>Lacon.</span> <span class='ocrx_word' id='word_1_213' title='bbox 726 1532 800 1567; x_wconf 93' lang='lat' dir='ltr'>duo</span> <span class='ocrx_word' id='word_1_214' title='bbox 826 1532 945 1568; x_wconf 88' lang='lat' dir='ltr'>codic.</span> <span class='ocrx_word' id='word_1_215' title='bbox 972 1532 1079 1570; x_wconf 89' lang='lat' dir='ltr'>Blan.</span> <span class='ocrx_word' id='word_1_216' title='bbox 1106 1532 1251 1569; x_wconf 88' lang='lat' dir='ltr'>habent</span> <span class='ocrx_word' id='word_1_217' title='bbox 1275 1533 1387 1570; x_wconf 86' lang='lat' dir='ltr'>Laco.</span> 
     </span>
    </p>

    <p class='ocr_par' dir='ltr' id='par_1_13' title="bbox 156 1585 1738 1688">
     <span class='ocr_line' id='line_1_27' title="bbox 277 1585 1738 1633; baseline 0.001 -11"><span class='ocrx_word' id='word_1_218' title='bbox 277 1590 333 1624; x_wconf 89' lang='grc'>14.</span> <span class='ocrx_word' id='word_1_219' title='bbox 384 1587 546 1633; x_wconf 78' lang='lat' dir='ltr'>Bupalo.</span> <span class='ocrx_word' id='word_1_220' title='bbox 596 1597 671 1622; x_wconf 93' lang='lat' dir='ltr'>non</span> <span class='ocrx_word' id='word_1_221' title='bbox 703 1587 831 1622; x_wconf 83' lang='lat' dir='ltr'>autem</span> <span class='ocrx_word' id='word_1_222' title='bbox 856 1585 1021 1633; x_wconf 91' lang='lat' dir='ltr'>Bubalo,</span> <span class='ocrx_word' id='word_1_223' title='bbox 1046 1586 1192 1623; x_wconf 86' lang='lat' dir='ltr'>habent</span> <span class='ocrx_word' id='word_1_224' title='bbox 1217 1589 1380 1633; x_wconf 82' lang='lat' dir='ltr'>quatuor</span> <span class='ocrx_word' id='word_1_225' title='bbox 1405 1588 1486 1624; x_wconf 93' lang='lat' dir='ltr'>cod.</span> <span class='ocrx_word' id='word_1_226' title='bbox 1513 1587 1545 1622; x_wconf 64' lang='grc' dir='ltr'>ἃς</span> <span class='ocrx_word' id='word_1_227' title='bbox 1572 1587 1738 1624; x_wconf 85' lang='lat' dir='ltr'>Carrion.</span> 
     </span>
     <span class='ocr_line' id='line_1_28' title="bbox 156 1639 529 1688; baseline -0.005 -11"><span class='ocrx_word' id='word_1_228' title='bbox 156 1652 241 1677; x_wconf 92' lang='lat' dir='ltr'>cum</span> <span class='ocrx_word' id='word_1_229' title='bbox 265 1639 529 1688; x_wconf 74' lang='lat' dir='ltr'>Busli-ldiano.</span> 
     </span>
    </p>

    <p class='ocr_par' dir='ltr' id='par_1_14' title="bbox 155 1693 1743 1904">
     <span class='ocr_line' id='line_1_29' title="bbox 276 1693 1743 1745; baseline 0.001 -15"><span class='ocrx_word' id='word_1_230' title='bbox 276 1694 385 1741; x_wconf 88' lang='lat' dir='ltr'>epod.</span> <span class='ocrx_word' id='word_1_231' title='bbox 405 1693 445 1742; x_wconf 83' lang='lat'>9,</span> <span class='ocrx_word' id='word_1_232' title='bbox 468 1697 524 1730; x_wconf 92' lang='grc'>17.</span> <span class='ocrx_word' id='word_1_233' title='bbox 557 1707 591 1740; x_wconf 91' lang='lat' dir='ltr'>p.</span> <span class='ocrx_word' id='word_1_234' title='bbox 613 1697 669 1731; x_wconf 87' lang='grc'>89.</span> <span class='ocrx_word' id='word_1_235' title='bbox 719 1694 774 1731; x_wconf 79' lang='lat' dir='ltr'>At</span> <span class='ocrx_word' id='word_1_236' title='bbox 809 1695 881 1732; x_wconf 79' lang='lat' dir='ltr'>huc</span> <span class='ocrx_word' id='word_1_237' title='bbox 918 1699 1114 1732; x_wconf 82' lang='lat' dir='ltr'>verterwnt.</span> <span class='ocrx_word' id='word_1_238' title='bbox 1164 1695 1244 1731; x_wconf 85' lang='lat' dir='ltr'>haec</span> <span class='ocrx_word' id='word_1_239' title='bbox 1282 1696 1401 1732; x_wconf 87' lang='lat' dir='ltr'>verba</span> <span class='ocrx_word' id='word_1_240' title='bbox 1438 1696 1558 1733; x_wconf 89' lang='lat' dir='ltr'>habet</span> <span class='ocrx_word' id='word_1_241' title='bbox 1594 1697 1743 1745; x_wconf 73' lang='lat' dir='ltr'>co-{dex</span> 
     </span>
     <span class='ocr_line' id='line_1_30' title="bbox 157 1747 1741 1798; baseline 0.001 -13"><span class='ocrx_word' id='word_1_242' title='bbox 157 1747 297 1785; x_wconf 85' lang='lat' dir='ltr'>Carrio.</span> <span class='ocrx_word' id='word_1_243' title='bbox 323 1747 355 1782; x_wconf 68' lang='lat'>86</span> <span class='ocrx_word' id='word_1_244' title='bbox 379 1760 474 1783; x_wconf 85' lang='lat' dir='ltr'>vnus</span> <span class='ocrx_word' id='word_1_245' title='bbox 500 1747 619 1783; x_wconf 89' lang='lat' dir='ltr'>codex</span> <span class='ocrx_word' id='word_1_246' title='bbox 643 1748 777 1785; x_wconf 85' lang='lat' dir='ltr'>Bland.</span> <span class='ocrx_word' id='word_1_247' title='bbox 809 1748 1090 1795; x_wconf 88' lang='lat' dir='ltr'>manuscriptus</span> <span class='ocrx_word' id='word_1_248' title='bbox 1122 1749 1348 1798; x_wconf 74' lang='lat' dir='ltr'>expres-{sez</span> <span class='ocrx_word' id='word_1_249' title='bbox 1381 1749 1449 1797; x_wconf 86' lang='lat' dir='ltr'>alij</span> <span class='ocrx_word' id='word_1_250' title='bbox 1483 1751 1560 1787; x_wconf 88' lang='lat' dir='ltr'>tres</span> <span class='ocrx_word' id='word_1_251' title='bbox 1586 1750 1741 1797; x_wconf 88' lang='lat' dir='ltr'>habent,</span> 
     </span>
     <span class='ocr_line' id='line_1_31' title="bbox 155 1801 1742 1850; baseline 0.001 -12"><span class='ocrx_word' id='word_1_252' title='bbox 155 1802 208 1838; x_wconf 88' lang='lat' dir='ltr'>At</span> <span class='ocrx_word' id='word_1_253' title='bbox 231 1802 350 1838; x_wconf 88' lang='lat' dir='ltr'>hunc:</span> <span class='ocrx_word' id='word_1_254' title='bbox 376 1801 473 1837; x_wconf 87' lang='lat' dir='ltr'>alias</span> <span class='ocrx_word' id='word_1_255' title='bbox 484 1801 528 1848; x_wconf 80' lang='lat'>³),</span> <span class='ocrx_word' id='word_1_256' title='bbox 555 1802 606 1838; x_wconf 89' lang='lat' dir='ltr'>At</span> <span class='ocrx_word' id='word_1_257' title='bbox 633 1801 717 1838; x_wconf 88' lang='lat' dir='ltr'>huc.</span> <span class='ocrx_word' id='word_1_258' title='bbox 764 1813 879 1848; x_wconf 87' lang='lat' dir='ltr'>quam</span> <span class='ocrx_word' id='word_1_259' title='bbox 908 1803 1041 1839; x_wconf 90' lang='lat' dir='ltr'>notam</span> <span class='ocrx_word' id='word_1_260' title='bbox 1073 1805 1254 1848; x_wconf 88' lang='lat' dir='ltr'>sequutus</span> <span class='ocrx_word' id='word_1_261' title='bbox 1288 1815 1371 1839; x_wconf 88' lang='lat' dir='ltr'>sum</span> <span class='ocrx_word' id='word_1_262' title='bbox 1402 1805 1584 1850; x_wconf 85' lang='lat' dir='ltr'>tanquam</span> <span class='ocrx_word' id='word_1_263' title='bbox 1618 1804 1742 1850; x_wconf 84' lang='lat' dir='ltr'>magis</span> 
     </span>
     <span class='ocr_line' id='line_1_32' title="bbox 158 1855 1397 1904; baseline 0.002 -13"><span class='ocrx_word' id='word_1_264' title='bbox 158 1855 373 1903; x_wconf 88' lang='lat' dir='ltr'>appositam</span> <span class='ocrx_word' id='word_1_265' title='bbox 399 1857 514 1901; x_wconf 91' lang='lat' dir='ltr'>atque</span> <span class='ocrx_word' id='word_1_266' title='bbox 541 1855 867 1904; x_wconf 85' lang='lat' dir='ltr'>con—{sentientem</span> <span class='ocrx_word' id='word_1_267' title='bbox 894 1856 1046 1903; x_wconf 85' lang='lat' dir='ltr'>scriptis</span> <span class='ocrx_word' id='word_1_268' title='bbox 1073 1857 1397 1894; x_wconf 86' lang='lat' dir='ltr'>annotationibus.</span> 
     </span>
    </p>

    <p class='ocr_par' dir='ltr' id='par_1_15' title="bbox 157 1909 1742 2118">
     <span class='ocr_line' id='line_1_33' title="bbox 276 1909 1742 1961; baseline 0.002 -15"><span class='ocrx_word' id='word_1_269' title='bbox 276 1914 333 1947; x_wconf 81' lang='lat'>20.</span> <span class='ocrx_word' id='word_1_270' title='bbox 387 1909 480 1946; x_wconf 75' lang='lat' dir='ltr'>Uita.</span> <span class='ocrx_word' id='word_1_271' title='bbox 538 1910 612 1945; x_wconf 91' lang='lat' dir='ltr'>duo</span> <span class='ocrx_word' id='word_1_272' title='bbox 645 1909 805 1957; x_wconf 71' lang='lat' dir='ltr'>coldices</span> <span class='ocrx_word' id='word_1_273' title='bbox 836 1910 981 1946; x_wconf 86' lang='lat' dir='ltr'>habent</span> <span class='ocrx_word' id='word_1_274' title='bbox 1013 1910 1121 1958; x_wconf 87' lang='lat' dir='ltr'>Sitae,</span> <span class='ocrx_word' id='word_1_275' title='bbox 1152 1910 1193 1946; x_wconf 90' lang='lat' dir='ltr'>id</span> <span class='ocrx_word' id='word_1_276' title='bbox 1226 1913 1300 1961; x_wconf 85' lang='lat' dir='ltr'>est,</span> <span class='ocrx_word' id='word_1_277' title='bbox 1337 1912 1386 1947; x_wconf 87' lang='lat' dir='ltr'>ad</span> <span class='ocrx_word' id='word_1_278' title='bbox 1413 1912 1607 1949; x_wconf 81' lang='lat' dir='ltr'>sinistram</span> <span class='ocrx_word' id='word_1_279' title='bbox 1631 1914 1742 1959; x_wconf 66' lang='lat' dir='ltr'>parte</span> 
     </span>
     <span class='ocr_line' id='line_1_34' title="bbox 157 1963 1742 2013; baseline 0.002 -13"><span class='ocrx_word' id='word_1_280' title='bbox 157 1965 287 2009; x_wconf 80' lang='lat' dir='ltr'>motae3</span> <span class='ocrx_word' id='word_1_281' title='bbox 312 1975 401 1999; x_wconf 88' lang='lat' dir='ltr'>nam</span> <span class='ocrx_word' id='word_1_282' title='bbox 426 1963 614 1999; x_wconf 84' lang='lat' dir='ltr'>Antonius</span> <span class='ocrx_word' id='word_1_283' title='bbox 640 1963 706 2009; x_wconf 91' lang='lat' dir='ltr'>qui</span> <span class='ocrx_word' id='word_1_284' title='bbox 731 1976 816 2000; x_wconf 92' lang='lat' dir='ltr'>cum</span> <span class='ocrx_word' id='word_1_285' title='bbox 842 1964 919 2000; x_wconf 90' lang='lat' dir='ltr'>suis</span> <span class='ocrx_word' id='word_1_286' title='bbox 947 1965 996 2000; x_wconf 88' lang='lat' dir='ltr'>ab</span> <span class='ocrx_word' id='word_1_287' title='bbox 1021 1965 1197 2012; x_wconf 81' lang='lat' dir='ltr'>Aegypto</span> <span class='ocrx_word' id='word_1_288' title='bbox 1223 1968 1391 2013; x_wconf 88' lang='lat' dir='ltr'>venerat,</span> <span class='ocrx_word' id='word_1_289' title='bbox 1418 1966 1471 2002; x_wconf 91' lang='lat' dir='ltr'>sic</span> <span class='ocrx_word' id='word_1_290' title='bbox 1496 1966 1629 2003; x_wconf 86' lang='lat' dir='ltr'>naueis</span> <span class='ocrx_word' id='word_1_291' title='bbox 1656 1978 1742 2002; x_wconf 87' lang='lat' dir='ltr'>suas</span> 
     </span>
     <span class='ocr_line' id='line_1_35' title="bbox 157 2017 1742 2069; baseline 0.001 -15"><span class='ocrx_word' id='word_1_292' title='bbox 157 2018 369 2064; x_wconf 85' lang='lat' dir='ltr'>locauerat,</span> <span class='ocrx_word' id='word_1_293' title='bbox 396 2019 437 2054; x_wconf 89' lang='lat' dir='ltr'>vt</span> <span class='ocrx_word' id='word_1_294' title='bbox 467 2017 592 2053; x_wconf 81' lang='lat' dir='ltr'>facilis</span> <span class='ocrx_word' id='word_1_295' title='bbox 624 2020 775 2064; x_wconf 86' lang='lat' dir='ltr'>pateret</span> <span class='ocrx_word' id='word_1_296' title='bbox 805 2019 909 2064; x_wconf 83' lang='lat' dir='ltr'>fuga.</span> <span class='ocrx_word' id='word_1_297' title='bbox 960 2019 1100 2055; x_wconf 69' lang='lat' dir='ltr'>Verum</span> <span class='ocrx_word' id='word_1_298' title='bbox 1127 2030 1197 2066; x_wconf 89' lang='lat' dir='ltr'>ego</span> <span class='ocrx_word' id='word_1_299' title='bbox 1223 2019 1416 2069; x_wconf 69' lang='lat' dir='ltr'>prio-[rem</span> <span class='ocrx_word' id='word_1_300' title='bbox 1442 2020 1642 2057; x_wconf 89' lang='lat' dir='ltr'>lectionem</span> <span class='ocrx_word' id='word_1_301' title='bbox 1668 2031 1742 2056; x_wconf 86' lang='lat' dir='ltr'>ser-</span> 
     </span>
     <span class='ocr_line' id='line_1_36' title="bbox 157 2071 960 2118; baseline 0.001 -10"><span class='ocrx_word' id='word_1_302' title='bbox 157 2071 259 2118; x_wconf 82' lang='lat' dir='ltr'>uani,</span> <span class='ocrx_word' id='word_1_303' title='bbox 285 2071 390 2117; x_wconf 81' lang='lat' dir='ltr'>quod</span> <span class='ocrx_word' id='word_1_304' title='bbox 416 2071 538 2107; x_wconf 88' lang='lat' dir='ltr'>altera</span> <span class='ocrx_word' id='word_1_305' title='bbox 561 2083 637 2107; x_wconf 91' lang='lat' dir='ltr'>non</span> <span class='ocrx_word' id='word_1_306' title='bbox 663 2074 810 2108; x_wconf 88' lang='lat' dir='ltr'>careret</span> <span class='ocrx_word' id='word_1_307' title='bbox 833 2072 960 2109; x_wconf 88' lang='lat' dir='ltr'>litura.</span> 
     </span>
    </p>

    <p class='ocr_par' dir='ltr' id='par_1_16' title="bbox 156 2125 1744 2282">
     <span class='ocr_line' id='line_1_37' title="bbox 277 2125 1737 2174; baseline 0.001 -12"><span class='ocrx_word' id='word_1_308' title='bbox 277 2126 385 2171; x_wconf 81' lang='lat' dir='ltr'>epod.</span> <span class='ocrx_word' id='word_1_309' title='bbox 407 2125 472 2173; x_wconf 88' lang='lat'>10,</span> <span class='ocrx_word' id='word_1_310' title='bbox 488 2129 520 2162; x_wconf 88' lang='grc'>7.</span> <span class='ocrx_word' id='word_1_311' title='bbox 545 2137 582 2171; x_wconf 91' lang='lat' dir='ltr'>p.</span> <span class='ocrx_word' id='word_1_312' title='bbox 598 2129 654 2162; x_wconf 88' lang='grc'>98.</span> <span class='ocrx_word' id='word_1_313' title='bbox 709 2126 889 2172; x_wconf 53' lang='lat' dir='ltr'>Quantus</span> <span class='ocrx_word' id='word_1_314' title='bbox 929 2139 1024 2163; x_wconf 86' lang='lat' dir='ltr'>vnus</span> <span class='ocrx_word' id='word_1_315' title='bbox 1050 2127 1132 2165; x_wconf 89' lang='lat' dir='ltr'>cod.</span> <span class='ocrx_word' id='word_1_316' title='bbox 1158 2127 1382 2164; x_wconf 89' lang='lat' dir='ltr'>Blandinius</span> <span class='ocrx_word' id='word_1_317' title='bbox 1407 2127 1471 2164; x_wconf 89' lang='lat' dir='ltr'>hic</span> <span class='ocrx_word' id='word_1_318' title='bbox 1500 2128 1620 2164; x_wconf 87' lang='lat' dir='ltr'>habet</span> <span class='ocrx_word' id='word_1_319' title='bbox 1645 2140 1737 2174; x_wconf 86' lang='lat' dir='ltr'>qua-</span> 
     </span>
     <span class='ocr_line' id='line_1_38' title="bbox 156 2178 1744 2231; baseline 0.002 -16"><span class='ocrx_word' id='word_1_320' title='bbox 156 2179 205 2216; x_wconf 89' lang='lat' dir='ltr'>lis</span> <span class='ocrx_word' id='word_1_321' title='bbox 219 2209 228 2226; x_wconf 91' lang='lat'>,</span> <span class='ocrx_word' id='word_1_322' title='bbox 255 2180 322 2215; x_wconf 90' lang='lat' dir='ltr'>sed</span> <span class='ocrx_word' id='word_1_323' title='bbox 347 2178 426 2214; x_wconf 88' lang='lat' dir='ltr'>alia</span> <span class='ocrx_word' id='word_1_324' title='bbox 449 2178 563 2215; x_wconf 90' lang='lat' dir='ltr'>lectio</span> <span class='ocrx_word' id='word_1_325' title='bbox 589 2179 712 2225; x_wconf 87' lang='lat' dir='ltr'>magis</span> <span class='ocrx_word' id='word_1_326' title='bbox 739 2180 933 2227; x_wconf 88' lang='lat' dir='ltr'>conuenit,</span> <span class='ocrx_word' id='word_1_327' title='bbox 962 2183 1117 2227; x_wconf 88' lang='lat' dir='ltr'>propter</span> <span class='ocrx_word' id='word_1_328' title='bbox 1141 2182 1368 2231; x_wconf 79' lang='lat' dir='ltr'>Aquilo-{nis</span> <span class='ocrx_word' id='word_1_329' title='bbox 1395 2182 1641 2229; x_wconf 87' lang='lat' dir='ltr'>densitatem,</span> <span class='ocrx_word' id='word_1_330' title='bbox 1668 2194 1744 2228; x_wconf 88' lang='lat' dir='ltr'>qua</span> 
     </span>
     <span class='ocr_line' id='line_1_39' title="bbox 159 2233 1684 2282; baseline 0.002 -12"><span class='ocrx_word' id='word_1_331' title='bbox 159 2234 259 2270; x_wconf 88' lang='lat' dir='ltr'>altas</span> <span class='ocrx_word' id='word_1_332' title='bbox 286 2235 410 2279; x_wconf 85' lang='lat' dir='ltr'>aequet</span> <span class='ocrx_word' id='word_1_333' title='bbox 440 2233 554 2269; x_wconf 88' lang='lat' dir='ltr'>humo</span> <span class='ocrx_word' id='word_1_334' title='bbox 581 2234 714 2279; x_wconf 87' lang='lat' dir='ltr'>turres,</span> <span class='ocrx_word' id='word_1_335' title='bbox 740 2234 915 2280; x_wconf 63' lang='lat' dir='ltr'>tectacsue</span> <span class='ocrx_word' id='word_1_336' title='bbox 940 2237 1052 2281; x_wconf 86' lang='lat' dir='ltr'>rapta</span> <span class='ocrx_word' id='word_1_337' title='bbox 1076 2235 1192 2272; x_wconf 87' lang='lat' dir='ltr'>ferat:</span> <span class='ocrx_word' id='word_1_338' title='bbox 1672 2277 1684 2282; x_wconf 57' lang='lat'>,</span> 
     </span>
    </p>

    <p class='ocr_par' dir='ltr' id='par_1_17' title="bbox 160 2288 1743 2390">
     <span class='ocr_line' id='line_1_40' title="bbox 281 2288 1743 2336; baseline 0.001 -13"><span class='ocrx_word' id='word_1_339' title='bbox 281 2292 335 2324; x_wconf 88' lang='lat'>19.</span> <span class='ocrx_word' id='word_1_340' title='bbox 385 2288 519 2324; x_wconf 74' lang='lat' dir='ltr'>Ionius</span> <span class='ocrx_word' id='word_1_341' title='bbox 548 2288 618 2324; x_wconf 84' lang='lat' dir='ltr'>vdo</span> <span class='ocrx_word' id='word_1_342' title='bbox 649 2289 733 2324; x_wconf 63' lang='lat' dir='ltr'>eam</span> <span class='ocrx_word' id='word_1_343' title='bbox 762 2290 967 2336; x_wconf 74' lang='lat' dir='ltr'>remuyiens</span> <span class='ocrx_word' id='word_1_344' title='bbox 996 2290 1084 2325; x_wconf 74' lang='lat' dir='ltr'>sinu</span> <span class='ocrx_word' id='word_1_345' title='bbox 1115 2290 1247 2326; x_wconf 77' lang='lat' dir='ltr'>Notus.</span> <span class='ocrx_word' id='word_1_346' title='bbox 1299 2289 1448 2326; x_wconf 90' lang='lat' dir='ltr'>codices</span> <span class='ocrx_word' id='word_1_347' title='bbox 1474 2289 1669 2336; x_wconf 88' lang='lat' dir='ltr'>Blandinij</span> <span class='ocrx_word' id='word_1_348' title='bbox 1703 2290 1743 2325; x_wconf 90' lang='lat' dir='ltr'>in</span> 
     </span>
     <span class='ocr_line' id='line_1_41' title="bbox 160 2341 1627 2390; baseline 0.001 -12"><span class='ocrx_word' id='word_1_349' title='bbox 160 2342 234 2378; x_wconf 88' lang='lat' dir='ltr'>hac</span> <span class='ocrx_word' id='word_1_350' title='bbox 257 2342 421 2378; x_wconf 89' lang='lat' dir='ltr'>lectione</span> <span class='ocrx_word' id='word_1_351' title='bbox 448 2343 667 2388; x_wconf 88' lang='lat' dir='ltr'>consonant,</span> <span class='ocrx_word' id='word_1_352' title='bbox 694 2353 776 2387; x_wconf 87' lang='lat' dir='ltr'>quae</span> <span class='ocrx_word' id='word_1_353' title='bbox 802 2341 897 2377; x_wconf 86' lang='lat' dir='ltr'>mihi</span> <span class='ocrx_word' id='word_1_354' title='bbox 920 2342 1116 2388; x_wconf 87' lang='lat' dir='ltr'>probatior</span> <span class='ocrx_word' id='word_1_355' title='bbox 1141 2342 1292 2379; x_wconf 87' lang='lat' dir='ltr'>videtur</span> <span class='ocrx_word' id='word_1_356' title='bbox 1316 2345 1432 2389; x_wconf 78' lang='lat' dir='ltr'>quam</span> <span class='ocrx_word' id='word_1_357' title='bbox 1456 2344 1627 2390; x_wconf 85' lang='lat' dir='ltr'>vulgata,</span> 
     </span>
    </p>
   </div>
   <div class='ocr_carea' id='block_1_3' title="bbox 158 2391 1743 2771">
    <p class='ocr_par' dir='ltr' id='par_1_18' title="bbox 158 2391 1743 2771">
     <span class='ocr_line' id='line_1_42' title="bbox 279 2391 1742 2450; baseline 0.001 -12"><span class='ocrx_word' id='word_1_358' title='bbox 279 2402 388 2448; x_wconf 86' lang='lat' dir='ltr'>epod.</span> <span class='ocrx_word' id='word_1_359' title='bbox 411 2401 483 2450; x_wconf 84' lang='lat'>11,</span> <span class='ocrx_word' id='word_1_360' title='bbox 504 2406 535 2438; x_wconf 91' lang='lat'>1.</span> <span class='ocrx_word' id='word_1_361' title='bbox 580 2415 616 2448; x_wconf 82' lang='lat' dir='ltr'>p.</span> <span class='ocrx_word' id='word_1_362' title='bbox 638 2405 717 2438; x_wconf 83' lang='lat'>104.</span> <span class='ocrx_word' id='word_1_363' title='bbox 774 2391 926 2437; x_wconf 83' lang='lat' dir='ltr'>PETTI</span> <span class='ocrx_word' id='word_1_364' title='bbox 967 2403 1064 2439; x_wconf 73' lang='lat' dir='ltr'>nihil</span> <span class='ocrx_word' id='word_1_365' title='bbox 1100 2414 1165 2439; x_wconf 79' lang='lat' dir='ltr'>me.</span> <span class='ocrx_word' id='word_1_366' title='bbox 1216 2403 1372 2440; x_wconf 73' lang='lat' dir='ltr'>tametsi</span> <span class='ocrx_word' id='word_1_367' title='bbox 1409 2404 1543 2450; x_wconf 75' lang='lat' dir='ltr'>parum</span> <span class='ocrx_word' id='word_1_368' title='bbox 1578 2403 1742 2450; x_wconf 67' lang='lat' dir='ltr'>intersit,</span> 
     </span>
     <span class='ocr_line' id='line_1_43' title="bbox 158 2455 1743 2504; baseline 0.001 -13"><span class='ocrx_word' id='word_1_369' title='bbox 158 2455 260 2492; x_wconf 92' lang='lat' dir='ltr'>Petti</span> <span class='ocrx_word' id='word_1_370' title='bbox 289 2467 354 2501; x_wconf 89' lang='lat' dir='ltr'>ne,</span> <span class='ocrx_word' id='word_1_371' title='bbox 393 2466 443 2491; x_wconf 87' lang='lat' dir='ltr'>an</span> <span class='ocrx_word' id='word_1_372' title='bbox 473 2455 596 2502; x_wconf 89' lang='lat' dir='ltr'>Pecti‚</span> <span class='ocrx_word' id='word_1_373' title='bbox 631 2455 820 2501; x_wconf 87' lang='lat' dir='ltr'>legamus;</span> <span class='ocrx_word' id='word_1_374' title='bbox 858 2455 1009 2491; x_wconf 87' lang='lat' dir='ltr'>seruaui</span> <span class='ocrx_word' id='word_1_375' title='bbox 1038 2457 1168 2492; x_wconf 69' lang='lat' dir='ltr'>tamen</span> <span class='ocrx_word' id='word_1_376' title='bbox 1198 2457 1319 2504; x_wconf 90' lang='lat' dir='ltr'>Petti,</span> <span class='ocrx_word' id='word_1_377' title='bbox 1350 2457 1501 2504; x_wconf 89' lang='lat' dir='ltr'>gemino</span> <span class='ocrx_word' id='word_1_378' title='bbox 1528 2459 1555 2494; x_wconf 89' lang='lat' dir='ltr'>t.</span> <span class='ocrx_word' id='word_1_379' title='bbox 1587 2459 1743 2504; x_wconf 88' lang='lat' dir='ltr'>propter</span> 
     </span>
     <span class='ocr_line' id='line_1_44' title="bbox 158 2508 1740 2558; baseline 0.002 -14"><span class='ocrx_word' id='word_1_380' title='bbox 158 2509 428 2555; x_wconf 86' lang='lat' dir='ltr'>antiquitatem</span> <span class='ocrx_word' id='word_1_381' title='bbox 454 2509 626 2546; x_wconf 89' lang='lat' dir='ltr'>codicum</span> <span class='ocrx_word' id='word_1_382' title='bbox 648 2509 932 2545; x_wconf 86' lang='lat' dir='ltr'>Blandiniorum</span> <span class='ocrx_word' id='word_1_383' title='bbox 951 2508 982 2544; x_wconf 66' lang='grc' dir='ltr'>ἅτ</span> <span class='ocrx_word' id='word_1_384' title='bbox 1002 2510 1267 2547; x_wconf 84' lang='lat' dir='ltr'>annotationes</span> <span class='ocrx_word' id='word_1_385' title='bbox 1288 2511 1519 2547; x_wconf 88' lang='lat' dir='ltr'>carminibus</span> <span class='ocrx_word' id='word_1_386' title='bbox 1541 2512 1740 2558; x_wconf 86' lang='lat' dir='ltr'>ascriptas.</span> 
     </span>
     <span class='ocr_line' id='line_1_45' title="bbox 159 2563 1739 2611; baseline 0 -11"><span class='ocrx_word' id='word_1_387' title='bbox 159 2563 264 2600; x_wconf 84' lang='lat' dir='ltr'>Sicut</span> <span class='ocrx_word' id='word_1_388' title='bbox 288 2568 409 2600; x_wconf 77' lang='lat' dir='ltr'>antea.</span> <span class='ocrx_word' id='word_1_389' title='bbox 459 2574 509 2599; x_wconf 85' lang='lat' dir='ltr'>an</span> <span class='ocrx_word' id='word_1_390' title='bbox 542 2563 646 2599; x_wconf 90' lang='lat' dir='ltr'>dicat</span> <span class='ocrx_word' id='word_1_391' title='bbox 671 2563 851 2600; x_wconf 84' lang='lat' dir='ltr'>Horatius</span> <span class='ocrx_word' id='word_1_392' title='bbox 885 2574 924 2599; x_wconf 88' lang='lat' dir='ltr'>se</span> <span class='ocrx_word' id='word_1_393' title='bbox 954 2574 1030 2599; x_wconf 93' lang='lat' dir='ltr'>non</span> <span class='ocrx_word' id='word_1_394' title='bbox 1062 2563 1174 2600; x_wconf 88' lang='lat' dir='ltr'>solito</span> <span class='ocrx_word' id='word_1_395' title='bbox 1205 2576 1309 2601; x_wconf 90' lang='lat' dir='ltr'>more</span> <span class='ocrx_word' id='word_1_396' title='bbox 1340 2565 1544 2601; x_wconf 87' lang='lat' dir='ltr'>versiculos</span> <span class='ocrx_word' id='word_1_397' title='bbox 1579 2564 1739 2611; x_wconf 87' lang='lat' dir='ltr'>scriptu-</span> 
     </span>
     <span class='ocr_line' id='line_1_46' title="bbox 158 2617 1738 2667; baseline 0.001 -15"><span class='ocrx_word' id='word_1_398' title='bbox 158 2628 253 2662; x_wconf 89' lang='lat' dir='ltr'>rum,</span> <span class='ocrx_word' id='word_1_399' title='bbox 278 2619 432 2663; x_wconf 85' lang='lat' dir='ltr'>propter</span> <span class='ocrx_word' id='word_1_400' title='bbox 457 2618 586 2654; x_wconf 91' lang='lat' dir='ltr'>decem</span> <span class='ocrx_word' id='word_1_401' title='bbox 613 2618 754 2663; x_wconf 90' lang='lat' dir='ltr'>epodos</span> <span class='ocrx_word' id='word_1_402' title='bbox 779 2617 1060 2664; x_wconf 86' lang='lat' dir='ltr'>praecedenteis,</span> <span class='ocrx_word' id='word_1_403' title='bbox 1087 2628 1171 2663; x_wconf 85' lang='lat' dir='ltr'>quae</span> <span class='ocrx_word' id='word_1_404' title='bbox 1191 2619 1334 2654; x_wconf 89' lang='lat' dir='ltr'>omneis</span> <span class='ocrx_word' id='word_1_405' title='bbox 1356 2619 1495 2664; x_wconf 84' lang='lat' dir='ltr'>aequali</span> <span class='ocrx_word' id='word_1_406' title='bbox 1513 2618 1578 2654; x_wconf 91' lang='lat' dir='ltr'>filo</span> <span class='ocrx_word' id='word_1_407' title='bbox 1598 2619 1738 2667; x_wconf 80' lang='lat' dir='ltr'>decur-{</span> 
     </span>
     <span class='ocr_line' id='line_1_47' title="bbox 160 2670 1743 2718; baseline 0.002 -13"><span class='ocrx_word' id='word_1_408' title='bbox 160 2672 258 2716; x_wconf 89' lang='lat' dir='ltr'>runt,</span> <span class='ocrx_word' id='word_1_409' title='bbox 284 2682 399 2715; x_wconf 92' lang='lat' dir='ltr'>quum</span> <span class='ocrx_word' id='word_1_410' title='bbox 424 2671 504 2706; x_wconf 87' lang='lat' dir='ltr'>haec</span> <span class='ocrx_word' id='word_1_411' title='bbox 530 2672 671 2717; x_wconf 89' lang='lat' dir='ltr'>epodos</span> <span class='ocrx_word' id='word_1_412' title='bbox 697 2683 773 2708; x_wconf 90' lang='lat' dir='ltr'>non</span> <span class='ocrx_word' id='word_1_413' title='bbox 798 2683 872 2708; x_wconf 88' lang='lat' dir='ltr'>vna</span> <span class='ocrx_word' id='word_1_414' title='bbox 897 2670 928 2705; x_wconf 73' lang='lat' dir='ltr'>Sc</span> <span class='ocrx_word' id='word_1_415' title='bbox 954 2671 1125 2718; x_wconf 86' lang='lat' dir='ltr'>simplex,</span> <span class='ocrx_word' id='word_1_416' title='bbox 1159 2672 1226 2708; x_wconf 91' lang='lat' dir='ltr'>sed</span> <span class='ocrx_word' id='word_1_417' title='bbox 1250 2672 1370 2708; x_wconf 87' lang='lat' dir='ltr'>mixta</span> <span class='ocrx_word' id='word_1_418' title='bbox 1402 2672 1453 2708; x_wconf 90' lang='lat' dir='ltr'>sit</span> <span class='ocrx_word' id='word_1_419' title='bbox 1480 2683 1527 2708; x_wconf 84' lang='lat' dir='ltr'>ex</span> <span class='ocrx_word' id='word_1_420' title='bbox 1557 2672 1743 2718; x_wconf 80' lang='lat' dir='ltr'>pentemi-</span> 
     </span>
     <span class='ocr_line' id='line_1_48' title="bbox 163 2723 952 2771; baseline 0.003 -13"><span class='ocrx_word' id='word_1_421' title='bbox 163 2724 259 2759; x_wconf 88' lang='lat' dir='ltr'>meri</span> <span class='ocrx_word' id='word_1_422' title='bbox 284 2723 457 2771; x_wconf 87' lang='lat' dir='ltr'>Heroica,</span> <span class='ocrx_word' id='word_1_423' title='bbox 484 2724 515 2759; x_wconf 81' lang='lat'>&amp;</span> <span class='ocrx_word' id='word_1_424' title='bbox 533 2725 701 2761; x_wconf 86' lang='lat' dir='ltr'>Iambico</span> <span class='ocrx_word' id='word_1_425' title='bbox 728 2725 952 2771; x_wconf 73' lang='lat' dir='ltr'>dimetro?⁴)</span> 
     </span>
    </p>
   </div>
   <div class='ocr_carea' id='block_1_4' title="bbox 163 2786 446 2791">
    <p class='ocr_par' dir='ltr' id='par_1_19' title="bbox 163 2786 446 2791">
     <span class='ocr_line' id='line_1_49' title="bbox 163 2786 446 2791; baseline 0 0"><span class='ocrx_word' id='word_1_426' title='bbox 163 2786 446 2791; x_wconf 95' lang='lat' dir='ltr'> </span> 
     </span>
    </p>
   </div>
   <div class='ocr_carea' id='block_1_5' title="bbox 271 2819 1736 2905">
    <p class='ocr_par' dir='ltr' id='par_1_20' title="bbox 271 2819 1736 2905">
     <span class='ocr_line' id='line_1_50' title="bbox 271 2819 411 2846; baseline 0 0"><span class='ocrx_word' id='word_1_427' title='bbox 271 2833 279 2840; x_wconf 88' lang='lat'><strong>·</strong></span> <span class='ocrx_word' id='word_1_428' title='bbox 290 2819 303 2846; x_wconf 76' lang='lat'><em>1</em></span> <span class='ocrx_word' id='word_1_429' title='bbox 314 2833 321 2840; x_wconf 90' lang='lat'><strong>·</strong></span> <span class='ocrx_word' id='word_1_430' title='bbox 342 2821 380 2846; x_wconf 81' lang='lat' dir='ltr'>ab</span> <span class='ocrx_word' id='word_1_431' title='bbox 398 2822 411 2846; x_wconf 81' lang='lat' dir='ltr'>t</span> 
     </span>
     <span class='ocr_line' id='line_1_51' title="bbox 282 2822 1736 2905; baseline 0.005 -15"><span class='ocrx_word' id='word_1_432' title='bbox 282 2857 317 2901; x_wconf 92' lang='lat'>1)</span> <span class='ocrx_word' id='word_1_433' title='bbox 342 2822 578 2893; x_wconf 44' lang='lat' dir='ltr'>exsurcziiacod.</span> <span class='ocrx_word' id='word_1_434' title='bbox 608 2856 712 2894; x_wconf 78' lang='lat' dir='ltr'>Uarr.</span> <span class='ocrx_word' id='word_1_435' title='bbox 831 2859 869 2904; x_wconf 83' lang='lat'>2)</span> <span class='ocrx_word' id='word_1_436' title='bbox 894 2857 1025 2893; x_wconf 86' lang='lat' dir='ltr'>inanes</span> <span class='ocrx_word' id='word_1_437' title='bbox 1046 2886 1054 2894; x_wconf 95' lang='lat'>.</span> <span class='ocrx_word' id='word_1_438' title='bbox 1070 2886 1078 2894; x_wconf 91' lang='lat'>.</span> <span class='ocrx_word' id='word_1_439' title='bbox 1095 2886 1103 2894; x_wconf 91' lang='lat'>.</span> <span class='ocrx_word' id='word_1_440' title='bbox 1124 2859 1229 2893; x_wconf 88' lang='lat' dir='ltr'>uerte</span> <span class='ocrx_word' id='word_1_441' title='bbox 1255 2857 1331 2894; x_wconf 79' lang='lat' dir='ltr'>cod.</span> <span class='ocrx_word' id='word_1_442' title='bbox 1360 2857 1464 2894; x_wconf 81' lang='lat' dir='ltr'>C&#39;arr.</span> <span class='ocrx_word' id='word_1_443' title='bbox 1582 2860 1619 2905; x_wconf 90' lang='grc'>3)</span> <span class='ocrx_word' id='word_1_444' title='bbox 1643 2870 1736 2897; x_wconf 83' lang='lat' dir='ltr'>corr.</span> 
     </span>
    </p>
   </div>
   <div class='ocr_carea' id='block_1_6' title="bbox 162 2902 1743 2954">
    <p class='ocr_par' dir='ltr' id='par_1_21' title="bbox 162 2902 1743 2954">
     <span class='ocr_line' id='line_1_52' title="bbox 162 2902 1743 2954; baseline 0.004 -17"><span class='ocrx_word' id='word_1_445' title='bbox 162 2903 211 2937; x_wconf 81' lang='lat' dir='ltr'>ad</span> <span class='ocrx_word' id='word_1_446' title='bbox 230 2902 329 2938; x_wconf 89' lang='lat' dir='ltr'>hunc</span> <span class='ocrx_word' id='word_1_447' title='bbox 350 2903 456 2940; x_wconf 76' lang='lat' dir='ltr'>alias.</span> <span class='ocrx_word' id='word_1_448' title='bbox 477 2915 517 2950; x_wconf 76' lang='lat' dir='ltr'>p.</span> <span class='ocrx_word' id='word_1_449' title='bbox 534 2908 602 2940; x_wconf 83' lang='grc'>172</span> <span class='ocrx_word' id='word_1_450' title='bbox 675 2907 713 2951; x_wconf 85' lang='grc'>4)</span> <span class='ocrx_word' id='word_1_451' title='bbox 738 2906 824 2942; x_wconf 78' lang='lat' dir='ltr'>add.</span> <span class='ocrx_word' id='word_1_452' title='bbox 848 2909 938 2941; x_wconf 90' lang='grc'>1578</span> <span class='ocrx_word' id='word_1_453' title='bbox 960 2917 1000 2951; x_wconf 78' lang='lat' dir='ltr'>p.</span> <span class='ocrx_word' id='word_1_454' title='bbox 1021 2908 1127 2943; x_wconf 72' lang='lat'>280³:</span> <span class='ocrx_word' id='word_1_455' title='bbox 1149 2905 1428 2954; x_wconf 78' lang='grc' dir='ltr'><strong><em>σνναρ-Ιτητῶς,</em></strong></span> <span class='ocrx_word' id='word_1_456' title='bbox 1448 2907 1491 2943; x_wconf 85' lang='lat' dir='ltr'>vt</span> <span class='ocrx_word' id='word_1_457' title='bbox 1508 2905 1549 2942; x_wconf 91' lang='lat' dir='ltr'>in</span> <span class='ocrx_word' id='word_1_458' title='bbox 1568 2907 1743 2943; x_wconf 81' lang='lat' dir='ltr'>omnibus</span> 
     </span>
    </p>
   </div>
  </div>
 </body>
</html>
