2008 3230
810 155 1107 195 PRAEFATIO.
1289 145 1292 148 ’
1619 154 1753 191 LXXV

163 284 244 312 sae.
314 271 427 322 epod.
464 273 530 323 16,
566 273 616 310 11
661 271 777 310 urbes
817 283 889 321 pro
929 271 1076 310 urbem.
1142 269 1256 320 epod.
1291 270 1331 321 3,
1358 270 1384 308 3
1423 270 1513 309 edat
1550 282 1622 319 pro
1665 270 1752 308 edit.

166 332 280 383 epod.
311 334 348 383 1,
371 333 424 370 26
457 344 545 371 mea
556 325 590 385 1)
619 325 776 383 (u2vq)
807 343 880 381 pro
905 332 1012 370 meis.
1062 343 1094 370 c.
1121 330 1142 368 Ι
1164 331 1231 381 22,
1254 331 1305 368 11
1338 330 1445 368 curis
1470 361 1478 369 .
1500 361 1509 370 .
1531 361 1539 369 .
1567 329 1754 377 expeditis

171 387 251 444 (uv
294 404 380 432 uar.
420 387 509 443 ᾳθ)
554 405 627 442 pro
672 392 778 430 curis
811 422 819 429 .
848 423 855 430 .
886 423 893 429 .
927 391 1137 439 expeditus.
1211 402 1244 428 0.
1281 389 1345 428 III
1383 391 1459 441 29,
1492 390 1546 428 22
1589 386 1755 427 horrida

161 446 238 506 >(u'
253 449 303 503 q)
349 465 422 502 pro
469 452 631 490 horridi.
700 464 731 490 0.
768 451 832 490 ῙΠ
871 452 917 499 2,
948 451 1001 489 18
1046 451 1366 490 incontaminatis
1408 443 1490 504 (u)
1533 461 1606 499 pro
1648 450 1752 487 inta-

164 525 339 564 minatis.
413 536 445 562 0.
478 523 519 562 II
549 524 626 575 15,
655 524 711 562 10
755 522 925 572 (vestus
963 516 1127 575 (u2vq)
1171 535 1244 572 pro
1281 523 1360 560 itus
1399 515 1532 574 (class.
1565 514 1660 573 ΙΠ.)
1689 520 1758 559 uel

164 585 264 623 ictus
296 577 552 637 (archetyp.)
610 596 641 623 0.
668 583 731 621 III
764 585 807 634 6,
838 583 891 621 28
924 583 1058 621 oscula
1088 595 1161 632 pro
1191 582 1344 631 qaudia
1376 575 1456 635 (u).
1519 593 1550 636 c.
1576 580 1598 618 Ι
1626 582 1699 632 22,
1728 582 1752 618 2

164 645 299 683 mauri
327 644 470 682 iaculis
500 656 573 693 pro
603 645 758 683 mauris
783 643 926 682 iaculis
952 637 1085 696 (u'q).
1142 655 1174 681 0.
1200 641 1263 680 ΙΠ
1292 642 1358 692 16,
1386 642 1440 681 39
1469 639 1666 680 contracta
1685 671 1693 678 .
1715 671 1723 678 .
1747 672 1754 679 .

168 704 350 753 cupidine
379 716 453 754 pro
480 706 672 742 contracto
693 734 701 742 .
723 734 731 742 .
754 736 761 742 .
783 703 966 752 cupidine
991 696 1187 756 (u'gsts).
1245 714 1276 740 0.
1302 701 1386 739 ΠΠ
1413 702 1452 752 4,
1481 702 1534 739 17
1569 703 1605 739 et
1632 700 1756 739 inter-

167 764 355 815 polatum
379 763 487 802 inter
514 766 708 812 yerentem
739 764 781 802 et
810 763 997 802 uindelici
1023 757 1066 816 (v
1076 756 1133 815 q).
1190 774 1219 800 8.
1246 761 1267 800 Ι
1293 762 1331 812 8,
1361 762 1413 799 16
1442 762 1653 809 deformem
1683 774 1756 810 pro

168 824 377 872 informem
409 817 487 877 (u).
539 835 568 862 8.
594 823 615 862 I
642 824 681 875 8,
709 825 732 862 7
766 824 937 862 insidere
966 835 1039 873 pro
1079 823 1277 861 cons-idere
1309 816 1357 875 (u
1382 815 1526 875 Pph.').
1585 833 1614 860 8.
1639 820 1671 872 I,
1701 821 1754 858 18

159 886 213 923 *in
243 896 284 922 se
313 896 386 934 pro
418 885 502 933 ipse
534 878 681 937 (u'ss').
739 895 767 922 8.
793 883 815 921 Ι
842 884 879 934 2,
910 884 990 922 101
1027 883 1161 927 clorin,
1195 883 1329 920 clorim
1353 876 1401 920 u'
1428 894 1501 932 pro
1535 882 1623 921 coi8.
1682 892 1710 919 8.
1738 880 1758 918 Ι

172 944 210 994 3,
241 944 327 983 130
357 944 457 982 -olim
489 937 554 997 (u)
586 956 659 994 pro
697 944 813 982 onmi.
871 955 899 981 s.
925 943 946 980 I
980 943 1016 994 3,
1048 943 1131 981 133
1170 942 1314 980 uellent
1349 954 1421 992 pro
1459 942 1611 980 uellusnt
1647 934 1757 994 (uo).

173 1015 202 1042 8.
229 1003 250 1041 I
277 1005 315 1051 9,
344 1004 400 1042 50
440 1016 629 1052 umquam
668 1016 741 1053 pro
782 1004 946 1051 inquam
987 996 1097 1056 (uo).
1155 1014 1184 1040 s.
1217 1002 1258 1040 H
1293 1003 1330 1053 2,
1360 1002 1443 1040 128
1486 1002 1644 1040 u-ztoeistis
1684 1014 1757 1050 pro

159 1063 349 1102 -nibwistis
380 1057 543 1114 (pingui
568 1057 788 1115 Minerua).
844 1075 874 1101 8.
899 1062 940 1100 H
975 1064 1012 1112 2,
1049 1064 1132 1101 102
1171 1063 1327 1100 uincere
1357 1074 1429 1112 pro
1461 1063 1657 1100 insumere
1690 1055 1757 1113 (u)

175 1135 204 1161 s.
230 1122 251 1161 I
278 1124 321 1173 9,
350 1124 406 1162 90
438 1134 630 1171 opponere
665 1136 738 1173 pro
777 1123 964 1171 oppedere
995 1116 1043 1176 (u
1075 1135 1167 1161 cum
1198 1122 1245 1173 E,
1282 1122 1416 1161 ortum
1453 1134 1502 1160 ex
1539 1121 1660 1160 schol.
1692 1114 1758 1174 Γ).

174 1183 290 1234 epist.
309 1182 332 1220 If
358 1183 425 1234 20,
449 1184 472 1221 7
499 1183 568 1221 ubi
593 1183 681 1231 quis
705 1195 779 1232 pro
803 1183 872 1221 ubi
897 1183 992 1230 quid
1017 1179 1114 1234 (vq3
1139 1195 1168 1220 u
1192 1175 1358 1236 deficit).
1409 1194 1444 1220 a.
1470 1194 1508 1231 p.
1533 1182 1586 1219 18
1613 1182 1760 1228 flumen

173 1243 286 1281 rheni
315 1236 402 1296 (u')
433 1255 506 1292 pro
539 1244 686 1290 flumen
716 1242 890 1281 rhenwm.
948 1254 983 1280 a.
1009 1255 1047 1292 p.
1077 1243 1130 1280 76
1163 1244 1298 1280 iuncta
1330 1244 1385 1280 est
1414 1253 1487 1291 pro
1518 1241 1674 1279 inclusa
1707 1243 1762 1278 est

171 1298 231 1354 u',
251 1302 333 1341 uid.
354 1302 510 1353 Epileg.
556 1315 589 1341 a.
610 1316 649 1353 p.
666 1303 750 1341 114
777 1303 908 1341 dauus
926 1315 987 1341 vu
1006 1315 1091 1341 uar.
1112 1302 1138 1354 β
1146 1297 1206 1340 ’σ’
1224 1314 1296 1351 pro
1318 1302 1437 1340 diuus
1456 1294 1759 1353 (ineptissime).

175 1375 210 1402 a.
236 1376 274 1413 p.
305 1363 387 1400 116
423 1365 457 1401 et
485 1375 558 1412 pro
598 1375 652 1401 an
688 1358 736 1400 u'
767 1357 923 1416 (ortum
961 1375 1009 1400 ex
1046 1362 1165 1400 schol.
1199 1356 1266 1415 Γ).
1324 1374 1359 1399 a.
1384 1375 1422 1411 p.
1457 1361 1541 1399 416
1581 1372 1651 1399 nec
1687 1373 1758 1410 pro

174 1434 281 1462 nunc
306 1416 425 1475 (ιη),
458 1422 649 1473 speciosa,
681 1422 750 1461 sed
773 1435 855 1461 non
880 1422 1105 1461 necessaria
1130 1421 1263 1472 lectio,
1294 1421 1377 1460 uid.
1403 1420 1560 1472 Epileg.
1618 1433 1649 1459 c.
1675 1420 1760 1458 IIII

177 1484 215 1533 6,
244 1483 297 1521 17
331 1483 455 1521 uictor
484 1477 533 1520 u'
561 1494 635 1532 pro
668 1483 802 1530 captis.
863 1482 950 1521 Hoc
975 1482 1062 1521 loco
1090 1483 1297 1521 auctorem
1323 1481 1503 1520 familiae
1534 1476 1583 1519 u'
1614 1480 1760 1519 tertiae

176 1542 315 1582 classis
348 1542 550 1593 quoddam
577 1542 790 1593 exemplar,
821 1541 893 1580 ubi
923 1555 1004 1581 uox
1035 1543 1159 1590 captis
1190 1542 1338 1581 omissa
1365 1543 1463 1592 erat,
1497 1542 1590 1580 ante
1624 1540 1761 1580 oculos

164 1602 364 1661 ‚habuisse
397 1604 521 1653 atque
553 1615 602 1640 ex
634 1614 706 1641 suo
747 1601 909 1653 ingenio
943 1601 1262 1641 emendationem
1300 1603 1492 1641 conatum
1524 1613 1609 1640 esse
1640 1601 1761 1651 plane

177 1662 464 1714 intellegimus.
519 1661 630 1701 Idem
656 1662 753 1701 fecit
779 1675 811 1701 c.
830 1661 915 1700 1111
944 1662 1010 1712 15,
1034 1664 1101 1712 11,
1126 1661 1198 1700 ubi
1222 1674 1295 1712 pro
1321 1662 1426 1701 falsa
1450 1661 1595 1700 tertiae
1622 1660 1762 1700 classis

177 1722 348 1762 lectione
380 1723 545 1760 dimouit
574 1722 814 1760 aduersante
853 1721 975 1760 etiam
1007 1721 1096 1771 ipsa
1127 1734 1169 1760 re
1208 1721 1374 1760 metrica
1412 1721 1573 1771 scripsit
1603 1721 1761 1759 domuit.

173 1781 285 1820 Illud
311 1781 473 1832 quidem
498 1781 569 1820 uix
595 1781 812 1831 quisquam
838 1781 1061 1833 negauerit,
1094 1781 1232 1832 stirpis
1262 1777 1310 1819 u'
1336 1782 1554 1832 auctorem,
1587 1780 1763 1830 exceptis

178 1842 229 1881 iis
248 1841 358 1893 10018,
377 1841 449 1880 ubi
467 1854 548 1881 uox
569 1841 768 1892 quaedam
787 1854 952 1892 prorsus
974 1841 1185 1892 exciderat,
1211 1841 1359 1880 litteris
1379 1840 1542 1880 traditis
1563 1842 1764 1892 quantum

177 1903 337 1952 poterat
355 1898 410 1939 in'
423 1901 670 1940 emendando
689 1914 851 1951 parcere
872 1901 1086 1953 studuisse,
1107 1901 1213 1940 sicut
1231 1914 1262 1940 0.
1282 1901 1367 1939 IIII
1389 1901 1455 1953 15,
1479 1903 1545 1939 11.
1579 1913 1614 1939 a.
1634 1914 1673 1950 p.
1696 1901 1763 1939 76.

178 1962 254 2001 ssI
282 1963 319 2012 2,
348 1962 414 2000 18.
445 1963 541 2001 101.
566 1961 587 1999 Ι
614 1962 651 2013 3,
682 1962 776 2001 130.
803 1962 845 2000 ΙΙ
874 1963 910 2013 2,
939 1962 1036 2000 128.

298 2021 363 2060 Ad
402 2021 722 2073 morphologicas
763 2021 940 2061 rationes
982 2021 1068 2060 siue
1116 2022 1165 2060 ut
1212 2021 1333 2059 multi
1374 2021 1515 2060 dicunt
1556 2021 1765 2072 orthogra-

181 2081 321 2132 phicas
347 2082 532 2132 spectant
556 2082 631 2120 hae
651 2082 821 2120 formae:
848 2094 879 2121 0.
905 2082 926 2119 Ι
949 2083 1014 2130 15,
1039 2083 1062 2120 2
1087 2082 1265 2120 helenam
1284 2078 1473 2132 (ugaV).
1524 2094 1555 2120 0.
1577 2081 1597 2118 Ι
1620 2082 1687 2132 28,
1709 2082 1766 2119 30

179 2142 343 2191 neyliyis
373 2135 561 2192 u'ng).
618 2154 649 2180 0.
675 2141 696 2179 Ι
723 2143 790 2193 38,
819 2143 842 2180 7
877 2144 988 2180 arcta
1019 2135 1068 2195 (u
1093 2136 1185 2195 sol.)
1241 2154 1270 2180 0.
1297 2142 1339 2179 Π
1367 2143 1404 2192 6,
1435 2143 1486 2180 16
1515 2137 1662 2180 baccha
1692 2154 1765 2191 pro

184 2203 286 2241 baca
318 2195 396 2255 (u).
456 2215 487 2241 0.
518 2201 560 2239 ΙΙ
595 2203 662 2252 12,
697 2202 750 2240 25
783 2202 1003 2250 fraglantia
1035 2195 1131 2255 (u').
1191 2214 1221 2240 c.
1253 2201 1295 2239 II
1330 2202 1396 2253 13,
1432 2203 1485 2239 12
1525 2202 1654 2250 capud
1686 2195 1766 2254 (u).

180 2275 211 2301 0.
239 2262 302 2300 III
330 2264 373 2312 9,
403 2263 457 2300 10
489 2262 620 2300 dulces
655 2255 859 2314 (u'qaoeff).
910 2274 941 2300 c.
966 2261 1030 2299 ΠΙ
1059 2263 1125 2313 12,
1153 2263 1176 2300 5
1211 2262 1376 2300 neubule
1406 2275 1478 2311 pro
1509 2261 1670 2300 neobule
1701 2255 1768 2313 (u'

179 2322 340 2360 neubole
364 2315 427 2374 θ).
478 2334 510 2359 0.
535 2321 599 2359 ΠΙ
621 2322 687 2372 12,
711 2323 761 2359 11
793 2324 897 2360 arcto
925 2315 1118 2374 (u'qoc1).
1175 2335 1206 2360 0.
1227 2321 1289 2360 III
1312 2323 1378 2373 12,
1402 2323 1457 2360 10
1481 2322 1674 2370 fuyientes
1700 2315 1766 2374 (u'

182 2375 276 2434 ᾳθ).
327 2394 358 2420 0.
383 2380 448 2419 III
476 2381 542 2432 14,
565 2382 619 2419 22
651 2382 840 2420 mirreusm
869 2394 942 2431 pro
972 2393 1174 2420 murreum
1201 2375 1260 2434 (u,
1289 2393 1488 2431 nusrrewm
1512 2375 1576 2435 θ).
1627 2394 1658 2420 0.
1684 2380 1768 2419 ΙΠΙ

184 2443 223 2492 9,
250 2441 275 2479 8
309 2439 681 2490 (s)ter(p)sicorique
715 2441 785 2480 uel
817 2441 966 2480 similia
1004 2435 1237 2495 (u'qoae‘ih).
1290 2454 1321 2480 0.
1353 2441 1437 2479 ΠΠ
1464 2443 1502 2492 9,
1530 2441 1584 2480 15
1618 2442 1768 2490 reyalcs

182 2495 410 2554 (u'a'g3);
443 2500 668 2553 accusatiui
692 2501 734 2539 in
765 2502 801 2540 is
831 2500 1056 2540 desinentes
1081 2501 1164 2540 fere
1197 2514 1333 2540 omnes
1366 2501 1408 2539 in
1438 2496 1486 2539 u'
1512 2501 1634 2540 deleti
1661 2502 1765 2539 sunt.

183 2574 214 2600 0.
240 2560 324 2599 ΙΠΙ
351 2563 395 2611 9,
423 2562 476 2599 17
517 2561 677 2610 cydonio
717 2555 860 2614 (uoco).
923 2561 1036 2611 epod.
1072 2562 1109 2610 2,
1143 2562 1196 2600 36
1235 2562 1440 2600 iocundior
1479 2555 1768 2615 (uetustissimi

183 2621 308 2660 huius
333 2621 486 2660 formae
512 2622 637 2660 testes
661 2621 699 2659 h.
720 2621 744 2659 1.
773 2622 869 2659 sunt
892 2615 1022 2674 u'oc'),
1047 2621 1146 2662 item
1167 2633 1195 2660 8.
1215 2621 1236 2658 Ι
1258 2621 1294 2671 5,
1318 2622 1374 2660 70
1399 2621 1563 2659 iocunde
1588 2614 1766 2673 (u'ss'c).

186 2680 298 2730 epod.
328 2682 365 2730 2,
393 2682 446 2719 67
481 2681 643 2729 alpheus
681 2694 753 2731 pro
791 2682 911 2728 alfius
942 2675 1052 2733 (ηρ).
1104 2680 1217 2730 epod.
1245 2682 1283 2731 3,
1311 2681 1336 2718 3
1370 2681 1509 2719 allium
1538 2692 1610 2729 pro
1644 2680 1768 2717 alium

186 2734 360 2791 (u'l'v).
412 2752 440 2778 s.
466 2740 487 2777 Ι
515 2742 552 2791 8,
581 2741 635 2778 33
661 2741 828 2779 hecatem
855 2734 959 2793 (u'),
990 2740 1088 2778 item
1115 2752 1150 2777 a.
1175 2753 1214 2789 p.
1244 2740 1327 2777 145
1355 2739 1594 2788 antiphatem
1620 2732 1765 2792 (u'a').

187 2811 216 2838 s.
241 2799 262 2837 Ι
289 2800 327 2849 8,
355 2800 409 2837 38
440 2801 627 2839 minctum
657 2813 729 2850 pro
760 2801 919 2838 mictum
951 2794 1047 2852 (u').

306 2858 368 2897 Ex
398 2859 485 2904 hac,
518 2872 622 2909 quae
647 2860 766 2898 facile
790 2861 954 2909 poterat
986 2858 1139 2910 augeri,
1170 2858 1392 2897 lectionum
1417 2858 1619 2910 farragine
1651 2872 1767 2898 nemo

310 2974 343 3019 1)
369 2972 451 3022 Hoc·
474 2972 604 3008 multis
631 2972 852 3018 editoribus,
879 2973 946 3008 sed
970 2972 1078 3018 falso,
1104 2971 1308 3018 probatum
1333 2972 1401 3008 est.
