2002 3224
265 134 350 175 152
813 135 999 172 HORATI
1024 136 1284 175 CARMINVM

667 260 756 286 raro
789 247 1087 288 antecedentem
1121 248 1333 289 scelestum

728 319 905 358 deseruit
936 319 1036 370 pede
1068 319 1199 359 Poena
1231 320 1381 361 claudo.

1006 568 1092 616 III.

608 675 760 715 lustum
792 681 831 715 et
862 680 1042 716 tenacem
1074 679 1268 729 propositi
1299 680 1432 718 uirum

608 759 687 786 non
719 748 869 787 ciuium
901 747 1020 787 ardor
1050 760 1173 800 praua
1204 749 1446 803 iubentium,

383 908 431 944 31
449 921 502 954 sq.
541 910 585 945 T:
623 909 725 945 Seru.
747 909 795 944 ad
817 910 906 946 Aen.
928 910 943 944 I
964 912 1032 945 543
1084 909 1198 947 schol.
1219 909 1314 946 Stat.
1335 911 1402 948 Th.
1424 912 1456 947 V
1482 917 1527 948 60
1673 915 1718 952 S:
1744 915 1830 952 Eur.

266 956 309 992 fr.
326 959 394 991 979
409 956 472 992 N.:
499 956 521 1002 ἡ
542 958 639 1002 Δίκη
663 986 669 992 .
686 985 693 992 .
711 986 717 992 .
739 962 825 1002 σῖγα
844 957 909 992 καὶ
930 958 1068 1005 βραδεῖ
1080 957 1170 993 ποδὶ
1190 959 1385 1005 στείχουσα
1411 959 1553 1007 μάρψει
1578 963 1664 1004 τοὺς
1682 963 1832 1010 κακούς,

264 1003 354 1039 ὅταν
378 1004 470 1051 τύχῃ
501 1006 512 1050 ΙΙ
543 1004 593 1040 id.
614 1004 659 1040 fr.
680 1008 749 1040 835
762 1004 807 1041 N.
834 1006 850 1058 st
870 1004 982 1040 Prud.
1003 1016 1033 1041 e.
1055 1005 1193 1051 Symm.
1214 1006 1248 1040 II
1275 1009 1360 1043 181:
1386 1019 1490 1044 rara
1515 1020 1597 1045 reos
1622 1009 1725 1046 iusta
1749 1022 1832 1057 per-

263 1051 368 1086 cellit
404 1062 552 1097 paena
590 1051 711 1088 securi
753 1053 765 1098 ΙΙ
807 1052 890 1089 T1b.
913 1052 930 1087 I
955 1056 988 1098 9,
1007 1057 1047 1088 4:
1086 1063 1170 1088 sera
1206 1054 1335 1089 tamen
1372 1054 1501 1091 tacitis
1537 1056 1690 1094 Poena
1727 1058 1834 1095 uenit

261 1098 457 1144 pedibus
494 1101 506 1145 ΙΙ
543 1099 646 1135 anth.
673 1099 752 1135 Pal.
779 1100 849 1135 XII
868 1104 1002 1145 229‚2:
1029 1100 1259 1147 ὑστερόπουν
1357 1101 1523 1149 Νέμεσιν

381 1158 434 1193 III
461 1163 494 1194 3.
546 1158 649 1194 1-8
676 1160 719 1195 T:
747 1159 862 1195 schol.
882 1159 1020 1196 Lucan.
1041 1160 1075 1194 11
1099 1163 1168 1196 243
1184 1160 1318 1207 Sulpit.
1435 1162 1538 1199 1-6
1565 1163 1607 1201 S:
1634 1163 1717 1201 Sen.
1737 1165 1831 1212 Thy.

265 1209 473 1243 348—364:
511 1217 577 1242 rex
608 1208 683 1253 est,
716 1206 782 1252 qui
811 1206 940 1252 posuit
968 1208 1090 1242 metus
1117 1209 1156 1243 et
1180 1207 1253 1243 diri
1277 1209 1380 1246 mala
1404 1210 1584 1256 pectoris:
1622 1223 1735 1258 quem
1757 1225 1833 1250 non

263 1253 422 1289 ambitio
456 1253 631 1300 inpotens
668 1256 707 1290 et
739 1266 946 1299 numquam
981 1254 1129 1290 stabilis
1163 1254 1272 1291 fauor
1305 1257 1413 1304 uulgi
1442 1258 1662 1304 praecipitis
1693 1262 1833 1307 mouet,

263 1313 340 1337 non
366 1301 546 1347 quicquid
571 1301 670 1337 fodit
694 1301 868 1338 occidens
895 1303 962 1337 aut
986 1303 1088 1338 unda
1114 1302 1239 1349 Tagus
1266 1315 1381 1340 aurea
1405 1305 1507 1341 claro
1533 1305 1688 1343 deuehit
1712 1307 1832 1355 alueo,

262 1360 337 1384 non
358 1349 538 1394 quicquid
557 1349 708 1394 Libycis
728 1349 818 1385 terit
836 1349 985 1385 feruens
1007 1361 1095 1385 area
1114 1350 1299 1386 messibus
1319 1351 1379 1397 (cf.
1394 1352 1481 1389 Hor.
1495 1354 1552 1390 c.I
1570 1357 1602 1401 1,
1618 1356 1695 1401 10),
1721 1366 1833 1401 quem

260 1407 336 1432 non
361 1396 551 1432 concutiet
576 1397 714 1433 cadens
740 1396 886 1442 obliqui
911 1397 976 1432 uia
1000 1397 1187 1443 fulminis,
1218 1409 1294 1434 non
1317 1399 1438 1435 Eurus
1463 1401 1613 1447 rapiens
1637 1413 1742 1438 mare
1767 1406 1834 1440 aut

262 1455 375 1480 saeuo
406 1444 562 1481 rabidus
592 1445 689 1480 freto
721 1444 870 1480 uentosi
900 1446 1025 1480 tumor
1055 1444 1237 1492 Hadriae,
1276 1458 1388 1491 quem
1418 1459 1494 1484 non
1524 1449 1657 1486 lancea
1684 1449 1831 1498 militis,

261 1503 337 1527 non
363 1492 517 1527 strictus
544 1492 690 1528 domuit
715 1492 872 1537 chalybs
891 1494 904 1538 11
921 1492 992 1538 Ag.
1013 1495 1219 1530 593—598:
1250 1494 1375 1530 nullus
1401 1495 1500 1532 hunc
1525 1498 1645 1533 terror
1667 1508 1737 1534 nec
1761 1497 1834 1534 im-

260 1541 395 1585 potens
422 1539 485 1585 (al.
506 1539 739 1586 impotentis)
770 1539 937 1585 procella
961 1539 1149 1576 Fortunae
1181 1543 1310 1577 mouet
1340 1544 1407 1579 aut
1437 1543 1557 1590 iniqui
1585 1544 1738 1582 flamma
1761 1544 1832 1583 To·

261 1586 400 1624 nantis,
497 1587 621 1623 nullos
656 1587 797 1623 ciuium
831 1589 960 1623 coetus
995 1587 1106 1624 timet
1141 1590 1208 1624 aut
1241 1589 1407 1626 minaces
1442 1591 1596 1628 uictoris
1626 1591 1722 1639 iras,
1755 1605 1831 1630 non

260 1634 381 1670 maria
406 1635 549 1680 asperis
575 1635 711 1671 insana
736 1634 840 1671 Coris
939 1634 1042 1671 1—4
1071 1635 1228 1672 ‘iustum
1254 1658 1297 1664 —-—
1324 1638 1460 1674 solida'
1487 1640 1531 1676 T:
1556 1639 1728 1678 Lactant.
1753 1640 1830 1678 diu.

261 1681 380 1719 instit.
396 1683 429 1718 V
451 1686 494 1718 13
593 1683 636 1720 S:
665 1682 829 1726 Theogn.
853 1686 921 1718 319
937 1695 1009 1728 sq.:
1035 1682 1168 1729 Kbov’,
1194 1685 1342 1730 ἀγαθὸς
1367 1686 1435 1732 μὲν
1461 1686 1558 1734 ἀνὴρ
1583 1687 1831 1772 γῖώᾳηνὸἔχει

263 1728 427 1776 ἔμπεδον
453 1729 540 1774 αἰεί,
566 1733 681 1780 τολμᾷ
709 1729 747 1765 δ’
770 1730 810 1766 ἕν
835 1744 873 1766 τε
897 1735 1028 1772 ’κακοῖς
1046 1733 1216 1778 κείμενος
1235 1731 1276 1768 ἕν
1295 1732 1330 1768 τ’
1346 1734 1510 1779 ἀγαθοῖς
1754 1747 1829 1773 eru.

263 1778 310 1813 de
334 1790 383 1814 m.
404 1777 490 1814 Hor.
511 1778 582 1813 1111
606 1790 642 1824 p.
662 1782 733 1814 470
887 1777 1093 1824 praemisso
1128 1779 1213 1814 ‘ode
1250 1780 1318 1815 111’
1353 1783 1392 1816 et
1427 1782 1565 1817 omisso
1601 1782 1752 1818 ‘uirum’
1785 1784 1830 1820 T:

259 1824 401 1862 Victor.
422 1826 468 1860 de
495 1837 542 1862 m.
562 1826 650 1861 Hor.
670 1838 706 1871 p.
729 1830 796 1861 179
942 1826 986 1862 S:
1026 1825 1093 1862 Ou.
1113 1828 1200 1862 met.
1222 1828 1252 1862 X
1280 1830 1367 1864 405:
1404 1828 1665 1884 propositique
1693 1831 1832 1879 tenaxss

261 1873 345 1908 Val.
365 1873 465 1909 Max.
485 1872 536 1908 VI
562 1877 595 1919 3,
616 1876 655 1909 5:
682 1883 801 1918 aeque
825 1874 940 1908 tenax
964 1872 1150 1918 propositi
1174 1874 1213 1910 L.
1234 1874 1422 1911 Domitius
1459 1878 1471 1923 ΙΙ
1507 1877 1692 1914 Ammlau.
1713 1878 1828 1915 Maro.

259 1920 397 1955 XXVII
422 1924 462 1965 8,
485 1924 545 1956 10:
585 1920 734 1955 uirum
769 1919 923 1956 acrioris
958 1919 1118 1966 ingenii,
1155 1921 1221 1956 sed
1255 1921 1371 1958 iusti
1405 1924 1612 1960 tenacem
1644 1926 1684 1961 et
1707 1925 1802 1962 recti
1819 1926 1833 1974 ΙΙ

258 1968 413 2013 Eutrop.
426 1968 531 2003 VIIII
558 1971 613 2014 11,
635 1972 675 2004 2:
705 1979 838 2014 pareus
864 1966 922 2002 uir
947 1969 986 2003 et
1010 1968 1202 2004 modestus
1228 1970 1267 2005 et
1291 1969 1407 2006 iusti
1432 1972 1569 2007 tenax

380 2136 415 2168 ,Ω
435 2151 479 2163 =
499 2133 729 2179 A‘(Aa)CD
740 2132 1178 2182 F(q>1p)Ry‹52'(u)nu]
1261 2135 1310 2172 31
1345 2138 1591 2174 antecedente
1616 2139 1656 2175 F
1708 2141 1831 2178 VER-

259 2185 355 2222 SVS
378 2185 426 2221 31
464 2186 640 2222 VLTIM
649 2186 705 2223 VS
732 2186 835 2223 EST
859 2187 1076 2223 CARMIN
1085 2188 1165 2224 VM
1189 2189 1258 2225 IN
1284 2191 1360 2227 cod.
1388 2191 1445 2236 D,
1474 2193 1639 2239 sequitur
1668 2194 1770 2240 epist.
1795 2194 1832 2230 11

259 2243 292 2284 2,
314 2243 380 2274 112
456 2241 491 2274 Ω
506 2258 547 2269 =
563 2240 1210 2288 Α’(Αα)ΟΙῑ’(φψ)Βγδλ’(λΖ>πτα
1283 2243 1333 2279 32
1358 2255 1497 2289 penan
1521 2256 1621 2294 pena
1633 2246 1829 2285 Pseudacr.

330 2296 440 2346 clildo
465 2324 493 2346 π

377 2382 428 2417 III
463 2386 496 2419 3.
563 2382 791 2419 Continuant
825 2384 892 2420 hoc
928 2395 1074 2420 carmen
1113 2387 1339 2422 antecedenti
1376 2387 1511 2424 A01R
1535 2388 1732 2426 Pseudacr.
1758 2391 1831 2426 ori-

257 2437 429 2482 qinarius
473 2437 610 2482 Porph.
654 2441 687 2472 et
728 2437 806 2472 sine
849 2437 962 2472 dubio
1010 2439 1226 2486 archetypus
1268 2441 1344 2476 cod.
1388 2441 1446 2485 B,
1495 2443 1560 2487 qni
1600 2442 1696 2478 hanc
1738 2443 1831 2479 oden

257 2491 379 2526 omisit
386 2505 399 2535 ;
443 2495 521 2526 cett.
561 2495 594 2526 et
631 2490 783 2527 Seruius
821 2495 854 2527 et
899 2492 1110 2528 Victorinus
1144 2504 1283 2529 nouum
1319 2505 1464 2530 cannen
1499 2495 1687 2540 incipiunt
1723 2496 1757 2541 ()

256 2543 323 2579 AD
360 2543 629 2579 AVGVSTVM
660 2557 679 2578 τ
776 2543 841 2579 AD
879 2544 1040 2580 MVSAS
1078 2545 1141 2581 DE
1176 2544 1403 2582 AVGVSTO
1436 2548 1538 2593 (haec
1570 2559 1637 2584 om.
1663 2549 1706 2594 π)
1745 2548 1829 2592 QVI

228 2597 310 2632 ‘IN
340 2596 479 2644 (QVIN
511 2597 559 2642 π)
602 2596 871 2633 PROPOSITO
909 2597 1197 2643 (PREPOSITO
1228 2612 1256 2634 π
1296 2611 1391 2635 cons.
1418 2601 1455 2646 ἃ)
1492 2600 1584 2636 SVO
1630 2601 1723 2645 (SVI
1753 2603 1827 2647 δπ)

256 2655 477 2691 VIDETVR
490 2655 843 2692 PERSEVERARE
853 2656 991 2693 Εἴπω
1028 2658 1094 2693 AD
1108 2657 1269 2694 MVSAS
1283 2658 1346 2693 DE
1360 2658 1587 2695 AVGVSTO
1602 2674 1623 2706 y
1660 2654 1829 2697 MCTRV

259 2708 503 2745 ALCAICVM
530 2709 634 2745 SIUe
659 2709 901 2767 IAMBIOUM
927 2723 952 2747 a
1071 2713 1114 2747 in
1137 2712 1162 2747 ὃ
1185 2715 1228 2747 ut
1250 2723 1379 2748 uersus
1398 2714 1574 2749 carminis
1593 2715 1654 2760 (=
1667 2713 1702 2749 II
1722 2718 1755 2760 2,
1768 2716 1828 2761 33)

257 2782 394 2826 scripta
421 2782 593 2827 Zeyuntwr
616 2782 724 2818 haec:
751 2781 823 2824 Qui
850 2768 873 2818 is
893 2781 1043 2828 pposito
1070 2782 1129 2818 sui
1153 2782 1303 2818 uidetur
1324 2794 1565 2828 perseuerare

380 2839 401 2874 1
441 2840 602 2887 Iustum]
639 2841 790 2877 Iustum
815 2841 907 2878 Rut
919 2842 997 2878 nid.
1035 2841 1195 2877 lustrum
1226 2842 1437 2879 Victorinus
1557 2845 1610 2891 et]
1649 2855 1693 2879 ac
1717 2845 1826 2883 schol.

259 2892 401 2928 Lucan.
525 2893 547 2928 2
576 2894 687 2930 ardor
712 2893 850 2930 ciuium
876 2896 984 2933 schol.
1004 2895 1147 2933 Lucan.
1220 2906 1339 2942 parua
1365 2897 1404 2933 δι
1478 2895 1686 2936 iubentium
1711 2898 1748 2936 R
