2002 3224
654 706 705 762 Q.
744 702 991 753 HORATI
1028 701 1256 751 FLAcci

391 811 833 878 OARMEN
879 810 1520 876 SAEOVLARE.

508 1052 667 1093 Phoebe
700 1052 971 1104 siluarumque
1004 1056 1146 1104 potens
1177 1051 1319 1105 Diana,

507 1124 684 1165 lucidum
716 1123 816 1164 caeli
848 1124 989 1178 decus,
1022 1136 1044 1163 o
1077 1123 1234 1163 colendi

509 1209 668 1249 semper
700 1201 740 1236 et
772 1195 886 1250 culti,
918 1195 1007 1235 date
1041 1207 1141 1248 quae
1172 1207 1385 1248 precamur

568 1273 749 1321 tempore
783 1280 914 1322 sacro,

511 1353 588 1394 quo
621 1340 805 1393 Sibyllini
835 1352 1028 1380 monuere
1060 1351 1205 1380 uersus
1722 1349 1742 1380 5

507 1413 688 1465 uirgines
719 1411 843 1452 lectas
873 1423 1102 1464 puerosque
1135 1416 1265 1452 castos

511 1485 591 1538 dis,
625 1483 770 1537 quibus
802 1488 956 1536 septem
987 1482 1173 1536 placuere
1206 1482 1347 1538 colles,

570 1556 704 1596 dicere
737 1567 909 1596 carmen.

282 1685 441 1721 Carmen
479 1683 672 1720 saeculare
710 1685 750 1719 et
786 1694 810 1718 a
847 1683 1040 1719 codicibus
1078 1694 1194 1719 manu
1232 1683 1384 1729 seriptis
1422 1684 1461 1719 et
1495 1695 1519 1719 a
1549 1684 1742 1720 ueteribus

162 1732 423 1779 grammaticis
455 1734 543 1778 post
572 1731 710 1767 librum
744 1731 893 1777 epodon
922 1731 1077 1777 ponitur
1221 1730 1320 1767 1-4
1345 1742 1487 1778 praem.
1511 1733 1674 1768 ‘asmata
1699 1743 1743 1768 eo

162 1781 263 1827 quod
287 1780 509 1817 inscribitur
534 1790 686 1815 carmen
711 1779 904 1815 saeculare
931 1779 1037 1815 cuius
1062 1779 1235 1815 initium’
1287 1781 1332 1816 T:
1361 1779 1541 1816 Victorin.
1566 1792 1603 1826 p.
1626 1783 1692 1816 171

166 1829 260 1875 lsq.
287 1829 331 1866 S:
359 1829 469 1875 Verg.
490 1828 582 1864 Aen.
597 1827 704 1863 VIIII
721 1831 810 1864 405:
844 1829 1073 1863 astrorum
1099 1828 1236 1863 decus
1262 1829 1302 1863 et
1325 1839 1556 1863 nemorum
1581 1828 1743 1864 Latonia

164 1879 291 1913 custos
322 1878 335 1923 ΙΙ
367 1876 451 1914 Sen.
473 1876 632 1912 Phaedr.
658 1879 729 1911 406
745 1887 844 1921 sqq.:
882 1875 1045 1929 regina
1075 1886 1322 1922 nemorum,
1359 1876 1441 1912 sola
1472 1887 1570 1921 quae
1602 1876 1743 1912 montis

165 1924 281 1960 colis
308 1926 354 1961 et
377 1936 453 1960 una
480 1924 570 1960 solis
595 1922 787 1960 montibus
814 1923 983 1960 colens
1011 1924 1093 1968 dea,
1114 1953 1146 1960 ..
1163 1953 1171 1961 .
1192 1935 1214 1960 ο
1239 1934 1380 1971 magna
1406 1923 1554 1959 siluas
1580 1923 1679 1960 inter
1705 1925 1744 1960 et

164 1972 271 2008 lucos
296 1973 370 2008 dea
394 1972 612 2017 clarumque
638 1971 760 2008 caeli
786 1971 891 2007 sidus
917 1973 956 2007 et
980 1971 1103 2008 noctis
1130 1972 1268 2008 decus
1366 1972 1388 2007 1
1415 1983 1556 2017 praem.
1581 1971 1638 2007 ‘hi
1663 1983 1743 2008 ver-

165 2031 247 2065 sus,
273 2019 340 2065 qui
365 2031 516 2056 carmen
542 2020 735 2056 saeculare
761 2018 1020 2066 appellantur,
1053 2019 1286 2066 Sapphicum
1309 2021 1473 2055 metrum
1498 2020 1642 2056 habent
1661 2049 1670 2056 .
1686 2048 1694 2057 .
1710 2021 1740 2057 .'

163 2069 208 2105 T:
234 2067 406 2104 Diomed.
425 2080 461 2114 p.
478 2071 546 2103 529
615 2068 659 2105 S:
690 2066 830 2104 Lucan.
863 2068 915 2103 III
952 2071 1021 2103 402
1042 2079 1115 2113 sq.:
1165 2078 1487 2113 nemorumque
1524 2069 1742 2114 potentes

168 2115 316 2152 Siluani
351 2117 363 2161 11
399 2116 540 2152 Auson.
567 2115 686 2161 epigr.
713 2118 780 2161 1,1
808 2119 857 2162 (p.
873 2119 942 2151 194
957 2115 1074 2162 Sch.):
1111 2115 1292 2152 Phoebe
1325 2117 1491 2162 potens
1528 2116 1694 2152 numeris

110 2199 112 2201 .
165 2163 190 2199 2
217 2164 261 2201 S:
289 2163 372 2200 Sen.
400 2162 532 2209 Oedip.
552 2166 639 2199 409:
666 2163 869 2198 lucidum
894 2163 1014 2199 caeli
1040 2164 1178 2200 decus
1198 2165 1211 2211 ΙΙ
1228 2163 1279 2200 id.
1299 2164 1408 2200 Herc.
1422 2163 1492 2200 fur.
1508 2167 1595 2201 592:
1622 2164 1744 2200 caeli

165 2211 303 2247 decus
322 2213 334 2258 ΙΙ
354 2211 462 2248 Herc.
485 2210 566 2247 Oet.
588 2214 698 2246 1518:
725 2222 746 2246 o
773 2211 887 2246 decus
911 2211 1054 2257 mundi,
1079 2211 1230 2247 radiate
1254 2211 1369 2247 Titan
1482 2211 1506 2247 2
1521 2224 1576 2257 sq.
1603 2212 1646 2249 S:
1675 2212 1742 2248 Ou.

163 2261 253 2296 met.
268 2259 357 2295 VIII
371 2263 458 2295 349:
484 2259 635 2295 Phoebe
649 2289 657 2296 .
674 2288 683 2296 .
698 2286 706 2294 .
721 2258 812 2294 site
838 2258 1052 2303 coluique
1079 2259 1271 2305 coloque
1354 2260 1378 2295 6
1406 2259 1449 2297 S:
1476 2259 1557 2296 Cat.
1572 2264 1743 2306 34,3eq.:

168 2306 330 2342 Dianam
367 2307 476 2353 pueri
512 2306 654 2352 integri
689 2305 916 2351 puellaeque
955 2317 1135 2342 canamus
1259 2307 1278 2342 7
1307 2307 1351 2344 S:
1378 2307 1524 2345 Gallim.
1550 2308 1677 2354 hymn.
1704 2308 1744 2343 in

171 2355 280 2391 Dian.
303 2358 371 2391 187
387 2367 459 2400 sq.:
486 2356 627 2391 πολίων
653 2355 696 2392 δέ
721 2367 780 2390 τοι
805 2354 919 2390 εὔαδε
944 2352 1085 2401 Πέργῃ,
1115 2354 1305 2402 Τηΰγετον
1331 2354 1368 2391 δ’
1385 2354 1504 2402 ὀρέων

282 2476 317 2511 Ω
338 2493 381 2505 =
401 2473 1360 2522 A'(Aa)B'(B0)F(‹pu›)Ry3'(ad)z‘(zz)vnu]
1501 2474 1523 2510 1
1552 2475 1696 2511 ·hoebe
1720 2489 1742 2522 y

160 2528 275 2578 ⁴2¹2&
295 2542 317 2565 ν
363 2528 515 2577 Phoebe
536 2526 575 2564 δ’
614 2528 738 2564 Foebe
758 2528 795 2564 A
833 2528 957 2563 Poebe
981 2527 1012 2564 0
1045 2528 1189 2564 Phoebi
1208 2528 1263 2565 R1
1301 2528 1430 2578 Phebe
1448 2540 1476 2565 u
1543 2528 1567 2564 2
1588 2528 1661 2564 celi
1680 2530 1743 2565 Az

210 2582 235 2617 3
261 2582 388 2628 dateq.
414 2583 452 2620 R
591 2581 615 2618 4
642 2582 826 2628 Tempore
852 2592 959 2617 sacro
986 2583 1022 2616 Ω,
1046 2582 1140 2628 Pph.
1160 2582 1375 2619 Victorinus
1422 2583 1593 2628 tempore
1618 2582 1743 2628 prisco

164 2637 302 2682 Porph.
329 2649 421 2683 quae
447 2637 550 2674 lectio
576 2641 658 2673 orta
683 2641 734 2673 est
764 2647 810 2673 ex
833 2647 862 2672 c.
888 2635 959 2670 1111
978 2639 1012 2681 2,
1025 2638 1088 2671 40:
1120 2637 1292 2682 tempora
1322 2635 1489 2682 priscum
1610 2636 1633 2672 5
1662 2635 1743 2679 Quo

162 2691 416 2736 *yzmpzdfieleu
459 2690 559 2733 Quos
586 2690 866 2726 FR16'121A0.
881 2690 1079 2725 Pseudacr.
1119 2687 1226 2731 Quod
1252 2688 1592 2734 A'B'R2y1322‘v
1605 2701 1688 2727 aar.
1704 2691 1743 2737 ()

213 2742 382 2789 sibyllini
407 2743 479 2779 Βπ
523 2743 692 2789 sybillinj
715 2743 880 2789 ΒφΞψα
923 2741 1083 2778 sibillini
1107 2742 1242 2788 Αγλά
1280 2742 1410 2788 sybilli
1436 2754 1484 2789 φι
1523 2744 1701 2788 sybellini
1719 2758 1742 2781 v

165 2795 341 2842 sylb‚llini
366 2797 419 2841 3,
434 2796 498 2832 sed
522 2795 578 2842 ‚lli
602 2797 644 2832 in
668 2807 742 2832 ras.
767 2797 815 2832 ab
840 2797 904 2832 alt.
929 2808 976 2832 m.
1003 2795 1173 2842 syllibini
1197 2797 1223 2832 d
1349 2807 1526 2833 monuere
1551 2799 1594 2834 in
1618 2809 1691 2835 ras.
1719 2800 1744 2835 δ

163 2860 339 2886 monuere
364 2850 403 2886 R
476 2849 501 2885 6
526 2849 662 2897 lectas]
688 2849 786 2885 letas
806 2850 836 2885 λ’
875 2850 990 2887 lectas
1010 2851 1034 2885 ὃ
1070 2849 1192 2885 laetas
1212 2848 1252 2885 δ’
1267 2851 1316 2897 (et
1336 2851 1358 2898 β
1377 2863 1414 2887 m
1432 2852 1530 2898 aar.)
1632 2852 1651 2887 7
1672 2852 1741 2889 Dis

165 2902 372 2941 AB'Fz'u
402 2902 469 2940 Dis
487 2916 516 2939 π
547 2903 595 2938 Di
615 2907 633 2940 λ
648 2915 687 2950 10.
702 2915 822 2941 raam
835 2909 878 2941 ut
890 2905 969 2941 uid.
1001 2903 1078 2939 Das
1092 2904 1145 2940 131
1159 2908 1202 2941 ut
1213 2905 1292 2941 uid.
1325 2904 1406 2940 Diis
1426 2905 1740 2954 Rzyff'vaph.

237 2971 408 2997 Honmrrvs
426 2970 452 2997 Ι.
479 2952 527 2997 ed.
547 2971 572 2997 2.
1410 2969 1454 3000 22
