<?xml version="1.0" encoding="UTF-8"?>
<!DOCTYPE html PUBLIC "-//W3C//DTD XHTML 1.0 Transitional//EN"
    "http://www.w3.org/TR/xhtml1/DTD/xhtml1-transitional.dtd">
<html xmlns="http://www.w3.org/1999/xhtml" xml:lang="en" lang="en">
 <head>
  <title>
</title>
<meta http-equiv="Content-Type" content="text/html;charset=utf-8" />
  <meta name='ocr-system' content='tesseract 3.04.00' />
  <meta name='ocr-capabilities' content='ocr_page ocr_carea ocr_par ocr_line ocrx_word'/>
</head>
<body>
  <div class='ocr_page' id='page_1' title='image "./operahora01horauoft_0210.png"; bbox 0 0 2002 3224; ppageno 0'>
   <div class='ocr_carea' id='block_1_1' title="bbox 306 162 1329 205">
    <p class='ocr_par' dir='ltr' id='par_1_1' title="bbox 306 162 1329 205">
     <span class='ocr_line' id='line_1_1' title="bbox 306 162 1329 205; baseline -0.003 0"><span class='ocrx_word' id='word_1_1' title='bbox 306 162 362 205; x_wconf 85' lang='lat'>98</span> <span class='ocrx_word' id='word_1_2' title='bbox 853 162 1044 202; x_wconf 43' lang='lat' dir='ltr'>HORATI.</span> <span class='ocrx_word' id='word_1_3' title='bbox 1065 163 1329 202; x_wconf 79' lang='lat' dir='ltr'><strong>CARMINVM</strong></span> 
     </span>
    </p>
   </div>
   <div class='ocr_carea' id='block_1_2' title="bbox 580 279 1871 1114">
    <p class='ocr_par' dir='ltr' id='par_1_2' title="bbox 580 279 1871 1114">
     <span class='ocr_line' id='line_1_2' title="bbox 580 279 1871 332; baseline 0.005 -17"><span class='ocrx_word' id='word_1_4' title='bbox 580 281 584 285; x_wconf 81' lang='grc'><em>’</em></span> <span class='ocrx_word' id='word_1_5' title='bbox 652 289 722 316; x_wconf 84' lang='lat' dir='ltr'>seu</span> <span class='ocrx_word' id='word_1_6' title='bbox 754 282 929 317; x_wconf 83' lang='lat' dir='ltr'>maestus</span> <span class='ocrx_word' id='word_1_7' title='bbox 961 279 1069 317; x_wconf 90' lang='lat' dir='ltr'>omni</span> <span class='ocrx_word' id='word_1_8' title='bbox 1099 283 1278 330; x_wconf 84' lang='lat' dir='ltr'>tempore</span> <span class='ocrx_word' id='word_1_9' title='bbox 1310 281 1480 332; x_wconf 79' lang='lat' dir='ltr'>uixeris,</span> <span class='ocrx_word' id='word_1_10' title='bbox 1850 291 1871 322; x_wconf 79' lang='lat'><strong>5</strong></span> 
     </span>
     <span class='ocr_line' id='line_1_3' title="bbox 651 350 1481 403; baseline 0.004 -16"><span class='ocrx_word' id='word_1_11' title='bbox 651 360 722 387; x_wconf 87' lang='lat' dir='ltr'>seu</span> <span class='ocrx_word' id='word_1_12' title='bbox 753 353 792 387; x_wconf 81' lang='lat' dir='ltr'>te</span> <span class='ocrx_word' id='word_1_13' title='bbox 824 350 865 388; x_wconf 89' lang='lat' dir='ltr'>in</span> <span class='ocrx_word' id='word_1_14' title='bbox 897 354 1050 388; x_wconf 85' lang='lat' dir='ltr'>remoto</span> <span class='ocrx_word' id='word_1_15' title='bbox 1082 351 1260 401; x_wconf 83' lang='lat' dir='ltr'>gramine</span> <span class='ocrx_word' id='word_1_16' title='bbox 1291 362 1364 403; x_wconf 90' lang='lat' dir='ltr'>per</span> <span class='ocrx_word' id='word_1_17' title='bbox 1396 350 1481 390; x_wconf 88' lang='lat' dir='ltr'>dies</span> 
     </span>
     <span class='ocr_line' id='line_1_4' title="bbox 710 420 1262 461; baseline 0.005 -3"><span class='ocrx_word' id='word_1_18' title='bbox 710 420 833 459; x_wconf 80' lang='lat' dir='ltr'>festos</span> <span class='ocrx_word' id='word_1_19' title='bbox 865 420 1100 460; x_wconf 86' lang='lat' dir='ltr'>reclinatum</span> <span class='ocrx_word' id='word_1_20' title='bbox 1129 420 1262 461; x_wconf 83' lang='lat' dir='ltr'>bearis</span> 
     </span>
     <span class='ocr_line' id='line_1_5' title="bbox 766 491 1278 532; baseline 0.002 -1"><span class='ocrx_word' id='word_1_21' title='bbox 766 493 955 531; x_wconf 87' lang='lat' dir='ltr'>interiore</span> <span class='ocrx_word' id='word_1_22' title='bbox 988 496 1079 531; x_wconf 84' lang='lat' dir='ltr'>nota</span> <span class='ocrx_word' id='word_1_23' title='bbox 1110 491 1278 532; x_wconf 79' lang='lat' dir='ltr'><strong>Falerni,</strong></span> 
     </span>
     <span class='ocr_line' id='line_1_6' title="bbox 647 563 1443 616; baseline 0.003 -15"><span class='ocrx_word' id='word_1_24' title='bbox 647 575 726 614; x_wconf 90' lang='lat' dir='ltr'>quo</span> <span class='ocrx_word' id='word_1_25' title='bbox 757 564 875 614; x_wconf 88' lang='lat' dir='ltr'>pinus</span> <span class='ocrx_word' id='word_1_26' title='bbox 907 564 1046 614; x_wconf 85' lang='lat' dir='ltr'>ingens</span> <span class='ocrx_word' id='word_1_27' title='bbox 1078 563 1242 616; x_wconf 81' lang='lat' dir='ltr'>albaque</span> <span class='ocrx_word' id='word_1_28' title='bbox 1274 563 1443 616; x_wconf 82' lang='lat' dir='ltr'>populus</span> 
     </span>
     <span class='ocr_line' id='line_1_7' title="bbox 649 633 1870 686; baseline 0.002 -14"><span class='ocrx_word' id='word_1_29' title='bbox 649 633 828 672; x_wconf 84' lang='lat' dir='ltr'>umbram</span> <span class='ocrx_word' id='word_1_30' title='bbox 859 633 1093 686; x_wconf 83' lang='lat' dir='ltr'>hospitalem</span> <span class='ocrx_word' id='word_1_31' title='bbox 1125 636 1354 674; x_wconf 84' lang='lat' dir='ltr'>consociare</span> <span class='ocrx_word' id='word_1_32' title='bbox 1387 640 1517 674; x_wconf 79' lang='lat' dir='ltr'>amant</span> <span class='ocrx_word' id='word_1_33' title='bbox 1826 646 1870 678; x_wconf 89' lang='lat'>10</span> 
     </span>
     <span class='ocr_line' id='line_1_8' title="bbox 707 702 1357 757; baseline 0.003 -14"><span class='ocrx_word' id='word_1_34' title='bbox 707 702 856 744; x_wconf 76' lang='lat' dir='ltr'>ramis?</span> <span class='ocrx_word' id='word_1_35' title='bbox 888 704 982 756; x_wconf 89' lang='lat' dir='ltr'>quid</span> <span class='ocrx_word' id='word_1_36' title='bbox 1015 704 1174 757; x_wconf 88' lang='lat' dir='ltr'>obliquo</span> <span class='ocrx_word' id='word_1_37' title='bbox 1205 705 1357 745; x_wconf 84' lang='lat' dir='ltr'>laborat</span> 
     </span>
     <span class='ocr_line' id='line_1_9' title="bbox 766 775 1455 828; baseline 0.003 -14"><span class='ocrx_word' id='word_1_38' title='bbox 766 775 923 828; x_wconf 83' lang='lat' dir='ltr'>lympha</span> <span class='ocrx_word' id='word_1_39' title='bbox 957 776 1073 828; x_wconf 72' lang='lat' dir='ltr'>fugax</span> <span class='ocrx_word' id='word_1_40' title='bbox 1105 776 1303 828; x_wconf 69' lang='lat' dir='ltr'>trepidare</span> <span class='ocrx_word' id='word_1_41' title='bbox 1337 775 1455 816; x_wconf 81' lang='lat' dir='ltr'>riuo‘?</span> 
     </span>
     <span class='ocr_line' id='line_1_10' title="bbox 646 847 1590 899; baseline 0.002 -14"><span class='ocrx_word' id='word_1_42' title='bbox 646 847 725 886; x_wconf 91' lang='lat' dir='ltr'>huc</span> <span class='ocrx_word' id='word_1_43' title='bbox 756 848 849 886; x_wconf 85' lang='lat' dir='ltr'>uina</span> <span class='ocrx_word' id='word_1_44' title='bbox 882 852 921 886; x_wconf 84' lang='lat' dir='ltr'>et</span> <span class='ocrx_word' id='word_1_45' title='bbox 953 852 1153 899; x_wconf 84' lang='lat' dir='ltr'>unguenta</span> <span class='ocrx_word' id='word_1_46' title='bbox 1186 853 1225 886; x_wconf 85' lang='lat' dir='ltr'>et</span> <span class='ocrx_word' id='word_1_47' title='bbox 1256 849 1423 887; x_wconf 89' lang='lat' dir='ltr'>nimium</span> <span class='ocrx_word' id='word_1_48' title='bbox 1455 847 1590 888; x_wconf 83' lang='lat' dir='ltr'>breuis</span> 
     </span>
     <span class='ocr_line' id='line_1_11' title="bbox 645 917 1408 972; baseline 0.003 -16"><span class='ocrx_word' id='word_1_49' title='bbox 645 918 765 957; x_wconf 85' lang='lat' dir='ltr'>flores</span> <span class='ocrx_word' id='word_1_50' title='bbox 797 929 984 957; x_wconf 81' lang='lat' dir='ltr'>amoenae</span> <span class='ocrx_word' id='word_1_51' title='bbox 1016 918 1120 957; x_wconf 89' lang='lat' dir='ltr'>ferre</span> <span class='ocrx_word' id='word_1_52' title='bbox 1152 917 1244 957; x_wconf 87' lang='lat' dir='ltr'>iube</span> <span class='ocrx_word' id='word_1_53' title='bbox 1276 930 1408 972; x_wconf 79' lang='lat' dir='ltr'>rosae,</span> 
     </span>
     <span class='ocr_line' id='line_1_12' title="bbox 707 989 1870 1034; baseline 0.005 -6"><span class='ocrx_word' id='word_1_54' title='bbox 707 989 800 1028; x_wconf 90' lang='lat' dir='ltr'>dum</span> <span class='ocrx_word' id='word_1_55' title='bbox 833 1001 898 1028; x_wconf 89' lang='lat' dir='ltr'>res</span> <span class='ocrx_word' id='word_1_56' title='bbox 930 994 971 1028; x_wconf 85' lang='lat' dir='ltr'>et</span> <span class='ocrx_word' id='word_1_57' title='bbox 1002 994 1109 1029; x_wconf 86' lang='lat' dir='ltr'>aetas</span> <span class='ocrx_word' id='word_1_58' title='bbox 1142 994 1182 1029; x_wconf 86' lang='lat' dir='ltr'>et</span> <span class='ocrx_word' id='word_1_59' title='bbox 1214 1002 1395 1030; x_wconf 89' lang='lat' dir='ltr'>sororum</span> <span class='ocrx_word' id='word_1_60' title='bbox 1826 1001 1870 1034; x_wconf 87' lang='lat'>15</span> 
     </span>
     <span class='ocr_line' id='line_1_13' title="bbox 765 1061 1343 1114; baseline 0.003 -14"><span class='ocrx_word' id='word_1_61' title='bbox 765 1061 829 1100; x_wconf 87' lang='lat' dir='ltr'>fila</span> <span class='ocrx_word' id='word_1_62' title='bbox 860 1062 982 1101; x_wconf 81' lang='lat' dir='ltr'>trium</span> <span class='ocrx_word' id='word_1_63' title='bbox 1014 1063 1218 1114; x_wconf 83' lang='lat' dir='ltr'>patiuntur</span> <span class='ocrx_word' id='word_1_64' title='bbox 1249 1066 1343 1102; x_wconf 82' lang='lat' dir='ltr'>atra.</span> 
     </span>
    </p>
   </div>
   <div class='ocr_carea' id='block_1_3' title="bbox 292 1186 1907 2091">
    <p class='ocr_par' dir='ltr' id='par_1_3' title="bbox 293 1186 1872 1948">
     <span class='ocr_line' id='line_1_14' title="bbox 297 1186 1872 1234; baseline 0.002 -10"><span class='ocrx_word' id='word_1_65' title='bbox 297 1200 333 1234; x_wconf 90' lang='lat' dir='ltr'>p.</span> <span class='ocrx_word' id='word_1_66' title='bbox 356 1191 424 1223; x_wconf 89' lang='grc'>180</span> <span class='ocrx_word' id='word_1_67' title='bbox 540 1186 564 1223; x_wconf 82' lang='lat'>4</span> <span class='ocrx_word' id='word_1_68' title='bbox 589 1188 633 1224; x_wconf 83' lang='lat' dir='ltr'>T:</span> <span class='ocrx_word' id='word_1_69' title='bbox 659 1187 800 1224; x_wconf 92' lang='lat' dir='ltr'>Victor.</span> <span class='ocrx_word' id='word_1_70' title='bbox 822 1187 868 1223; x_wconf 88' lang='lat' dir='ltr'>de</span> <span class='ocrx_word' id='word_1_71' title='bbox 892 1199 941 1225; x_wconf 90' lang='lat' dir='ltr'>m.</span> <span class='ocrx_word' id='word_1_72' title='bbox 959 1187 1047 1223; x_wconf 89' lang='lat' dir='ltr'>Hor.</span> <span class='ocrx_word' id='word_1_73' title='bbox 1068 1199 1103 1233; x_wconf 91' lang='lat' dir='ltr'>p.</span> <span class='ocrx_word' id='word_1_74' title='bbox 1127 1191 1196 1223; x_wconf 88' lang='lat'>180</span> <span class='ocrx_word' id='word_1_75' title='bbox 1295 1188 1338 1224; x_wconf 88' lang='lat' dir='ltr'>S:</span> <span class='ocrx_word' id='word_1_76' title='bbox 1365 1188 1459 1223; x_wconf 86' lang='lat' dir='ltr'>Stat.</span> <span class='ocrx_word' id='word_1_77' title='bbox 1482 1187 1547 1223; x_wconf 86' lang='lat' dir='ltr'>Th.</span> <span class='ocrx_word' id='word_1_78' title='bbox 1563 1189 1633 1225; x_wconf 88' lang='lat' dir='ltr'>VII</span> <span class='ocrx_word' id='word_1_79' title='bbox 1653 1192 1739 1226; x_wconf 78' lang='lat'><strong>678:</strong></span> <span class='ocrx_word' id='word_1_80' title='bbox 1764 1190 1872 1226; x_wconf 87' lang='lat' dir='ltr'>terri—</span> 
     </span>
     <span class='ocr_line' id='line_1_15' title="bbox 298 1234 1869 1283; baseline 0.003 -13"><span class='ocrx_word' id='word_1_81' title='bbox 298 1236 406 1282; x_wconf 75' lang='lat' dir='ltr'>ficas,</span> <span class='ocrx_word' id='word_1_82' title='bbox 438 1235 634 1281; x_wconf 88' lang='lat' dir='ltr'>moriture,</span> <span class='ocrx_word' id='word_1_83' title='bbox 666 1234 791 1271; x_wconf 81' lang='lat' dir='ltr'>uiros?</span> <span class='ocrx_word' id='word_1_84' title='bbox 821 1236 834 1281; x_wconf 77' lang='lat' dir='ltr'>ss</span> <span class='ocrx_word' id='word_1_85' title='bbox 865 1235 969 1271; x_wconf 83' lang='lat' dir='ltr'>anth.</span> <span class='ocrx_word' id='word_1_86' title='bbox 988 1235 1069 1270; x_wconf 88' lang='lat' dir='ltr'>Lat.</span> <span class='ocrx_word' id='word_1_87' title='bbox 1091 1239 1124 1281; x_wconf 89' lang='lat'>8,</span> <span class='ocrx_word' id='word_1_88' title='bbox 1145 1239 1190 1270; x_wconf 84' lang='lat'>99</span> <span class='ocrx_word' id='word_1_89' title='bbox 1204 1235 1266 1272; x_wconf 86' lang='lat' dir='ltr'>R.:</span> <span class='ocrx_word' id='word_1_90' title='bbox 1300 1246 1391 1281; x_wconf 85' lang='lat' dir='ltr'>quo,</span> <span class='ocrx_word' id='word_1_91' title='bbox 1422 1236 1619 1283; x_wconf 85' lang='lat' dir='ltr'>moriture,</span> <span class='ocrx_word' id='word_1_92' title='bbox 1644 1236 1746 1272; x_wconf 78' lang='lat' dir='ltr'>ruis?</span> <span class='ocrx_word' id='word_1_93' title='bbox 1771 1248 1869 1283; x_wconf 75' lang='lat' dir='ltr'>quae</span> 
     </span>
     <span class='ocr_line' id='line_1_16' title="bbox 296 1282 1867 1328; baseline 0.001 -9"><span class='ocrx_word' id='word_1_94' title='bbox 296 1285 334 1319; x_wconf 89' lang='lat' dir='ltr'>te</span> <span class='ocrx_word' id='word_1_95' title='bbox 360 1283 551 1319; x_wconf 87' lang='lat' dir='ltr'>dementia</span> <span class='ocrx_word' id='word_1_96' title='bbox 577 1282 703 1318; x_wconf 82' lang='lat' dir='ltr'>ducit?</span> <span class='ocrx_word' id='word_1_97' title='bbox 734 1284 746 1328; x_wconf 82' lang='grc' dir='ltr'>ΙΙ</span> <span class='ocrx_word' id='word_1_98' title='bbox 776 1282 914 1319; x_wconf 85' lang='lat' dir='ltr'>Lucan.</span> <span class='ocrx_word' id='word_1_99' title='bbox 935 1283 970 1318; x_wconf 93' lang='lat' dir='ltr'>II</span> <span class='ocrx_word' id='word_1_100' title='bbox 996 1286 1064 1318; x_wconf 80' lang='lat'>523</span> <span class='ocrx_word' id='word_1_101' title='bbox 1079 1294 1151 1328; x_wconf 80' lang='lat' dir='ltr'>sq.:</span> <span class='ocrx_word' id='word_1_102' title='bbox 1184 1283 1224 1318; x_wconf 92' lang='lat' dir='ltr'>in</span> <span class='ocrx_word' id='word_1_103' title='bbox 1248 1282 1391 1318; x_wconf 82' lang='lat' dir='ltr'>medios</span> <span class='ocrx_word' id='word_1_104' title='bbox 1426 1282 1519 1318; x_wconf 90' lang='lat' dir='ltr'>belli</span> <span class='ocrx_word' id='word_1_105' title='bbox 1542 1294 1618 1320; x_wconf 88' lang='lat' dir='ltr'>non</span> <span class='ocrx_word' id='word_1_106' title='bbox 1642 1284 1697 1320; x_wconf 88' lang='lat' dir='ltr'>ire</span> <span class='ocrx_word' id='word_1_107' title='bbox 1722 1284 1867 1321; x_wconf 84' lang='lat' dir='ltr'>furores</span> 
     </span>
     <span class='ocr_line' id='line_1_17' title="bbox 296 1330 1866 1378; baseline 0.003 -13"><span class='ocrx_word' id='word_1_108' title='bbox 296 1331 527 1375; x_wconf 85' lang='lat' dir='ltr'>iamdudum,</span> <span class='ocrx_word' id='word_1_109' title='bbox 553 1330 744 1376; x_wconf 83' lang='lat' dir='ltr'>moriture,</span> <span class='ocrx_word' id='word_1_110' title='bbox 763 1334 899 1376; x_wconf 80' lang='lat' dir='ltr'>paras?</span> <span class='ocrx_word' id='word_1_111' title='bbox 985 1330 1095 1366; x_wconf 84' lang='lat'>5—8</span> <span class='ocrx_word' id='word_1_112' title='bbox 1122 1331 1166 1367; x_wconf 85' lang='lat' dir='ltr'>S:</span> <span class='ocrx_word' id='word_1_113' title='bbox 1192 1330 1314 1366; x_wconf 83' lang='lat' dir='ltr'>Plaut.</span> <span class='ocrx_word' id='word_1_114' title='bbox 1329 1330 1464 1366; x_wconf 86' lang='lat' dir='ltr'>Bacch.</span> <span class='ocrx_word' id='word_1_115' title='bbox 1479 1330 1559 1377; x_wconf 81' lang='lat' dir='ltr'>V2,</span> <span class='ocrx_word' id='word_1_116' title='bbox 1575 1335 1619 1367; x_wconf 81' lang='grc'>76</span> <span class='ocrx_word' id='word_1_117' title='bbox 1633 1333 1866 1378; x_wconf 77' lang='lat' dir='ltr'>(1193)sqq.:</span> 
     </span>
     <span class='ocr_line' id='line_1_18' title="bbox 295 1377 1866 1427; baseline 0.001 -14"><span class='ocrx_word' id='word_1_118' title='bbox 295 1390 372 1414; x_wconf 87' lang='lat' dir='ltr'>non</span> <span class='ocrx_word' id='word_1_119' title='bbox 395 1378 469 1413; x_wconf 87' lang='lat' dir='ltr'>tibi</span> <span class='ocrx_word' id='word_1_120' title='bbox 494 1378 600 1414; x_wconf 89' lang='lat' dir='ltr'>uenit</span> <span class='ocrx_word' id='word_1_121' title='bbox 623 1377 663 1413; x_wconf 89' lang='lat' dir='ltr'>in</span> <span class='ocrx_word' id='word_1_122' title='bbox 687 1379 869 1424; x_wconf 90' lang='lat' dir='ltr'>mentem,</span> <span class='ocrx_word' id='word_1_123' title='bbox 968 1377 1017 1423; x_wconf 86' lang='lat' dir='ltr'>si,</span> <span class='ocrx_word' id='word_1_124' title='bbox 1044 1378 1132 1413; x_wconf 87' lang='lat' dir='ltr'>dum</span> <span class='ocrx_word' id='word_1_125' title='bbox 1158 1377 1285 1423; x_wconf 87' lang='lat' dir='ltr'>uiuas,</span> <span class='ocrx_word' id='word_1_126' title='bbox 1316 1377 1390 1412; x_wconf 86' lang='lat' dir='ltr'>tibi</span> <span class='ocrx_word' id='word_1_127' title='bbox 1415 1379 1511 1413; x_wconf 88' lang='lat' dir='ltr'>bene</span> <span class='ocrx_word' id='word_1_128' title='bbox 1535 1377 1673 1425; x_wconf 84' lang='lat' dir='ltr'>facias,</span> <span class='ocrx_word' id='word_1_129' title='bbox 1699 1379 1777 1415; x_wconf 78' lang='lat' dir='ltr'>iam</span> <span class='ocrx_word' id='word_1_130' title='bbox 1801 1379 1866 1427; x_wconf 84' lang='lat' dir='ltr'>pol</span> 
     </span>
     <span class='ocr_line' id='line_1_19' title="bbox 295 1424 1867 1474; baseline 0.003 -14"><span class='ocrx_word' id='word_1_131' title='bbox 295 1426 336 1461; x_wconf 83' lang='lat' dir='ltr'>id</span> <span class='ocrx_word' id='word_1_132' title='bbox 361 1425 515 1471; x_wconf 88' lang='lat' dir='ltr'>quidem</span> <span class='ocrx_word' id='word_1_133' title='bbox 541 1436 622 1461; x_wconf 80' lang='lat' dir='ltr'>esse</span> <span class='ocrx_word' id='word_1_134' title='bbox 647 1425 751 1460; x_wconf 86' lang='lat' dir='ltr'>haud</span> <span class='ocrx_word' id='word_1_135' title='bbox 768 1425 1098 1471; x_wconf 85' lang='lat' dir='ltr'>perlonginquom:</span> <span class='ocrx_word' id='word_1_136' title='bbox 1124 1436 1263 1470; x_wconf 87' lang='lat' dir='ltr'>neque,</span> <span class='ocrx_word' id='word_1_137' title='bbox 1290 1424 1322 1460; x_wconf 82' lang='lat' dir='ltr'>si</span> <span class='ocrx_word' id='word_1_138' title='bbox 1343 1425 1414 1460; x_wconf 90' lang='lat' dir='ltr'>hoc</span> <span class='ocrx_word' id='word_1_139' title='bbox 1432 1425 1545 1461; x_wconf 90' lang='lat' dir='ltr'>hodie</span> <span class='ocrx_word' id='word_1_140' title='bbox 1565 1426 1754 1474; x_wconf 80' lang='lat' dir='ltr'>amiseris,</span> <span class='ocrx_word' id='word_1_141' title='bbox 1779 1429 1867 1474; x_wconf 77' lang='lat' dir='ltr'>post</span> 
     </span>
     <span class='ocr_line' id='line_1_20' title="bbox 295 1472 1864 1521; baseline 0.001 -13"><span class='ocrx_word' id='word_1_142' title='bbox 295 1473 335 1508; x_wconf 88' lang='lat' dir='ltr'>in</span> <span class='ocrx_word' id='word_1_143' title='bbox 365 1475 486 1510; x_wconf 88' lang='lat' dir='ltr'>morte</span> <span class='ocrx_word' id='word_1_144' title='bbox 517 1473 558 1508; x_wconf 85' lang='lat' dir='ltr'>id</span> <span class='ocrx_word' id='word_1_145' title='bbox 589 1475 810 1509; x_wconf 87' lang='lat' dir='ltr'>euenturum</span> <span class='ocrx_word' id='word_1_146' title='bbox 842 1483 922 1508; x_wconf 86' lang='lat' dir='ltr'>esse</span> <span class='ocrx_word' id='word_1_147' title='bbox 954 1476 1156 1517; x_wconf 82' lang='lat' dir='ltr'>umquam?</span> <span class='ocrx_word' id='word_1_148' title='bbox 1192 1474 1204 1519; x_wconf 82' lang='grc'>11</span> <span class='ocrx_word' id='word_1_149' title='bbox 1242 1472 1358 1518; x_wconf 84' lang='lat' dir='ltr'>epigr.</span> <span class='ocrx_word' id='word_1_150' title='bbox 1386 1473 1555 1519; x_wconf 80' lang='lat' dir='ltr'>adespot.</span> <span class='ocrx_word' id='word_1_151' title='bbox 1576 1477 1645 1510; x_wconf 79' lang='lat'>527</span> <span class='ocrx_word' id='word_1_152' title='bbox 1671 1475 1784 1521; x_wconf 77' lang='lat' dir='ltr'>(anal.</span> <span class='ocrx_word' id='word_1_153' title='bbox 1803 1475 1864 1511; x_wconf 91' lang='lat' dir='ltr'>Br.</span> 
     </span>
     <span class='ocr_line' id='line_1_21' title="bbox 295 1519 1865 1570; baseline 0.002 -14"><span class='ocrx_word' id='word_1_154' title='bbox 295 1521 349 1556; x_wconf 89' lang='lat' dir='ltr'>III</span> <span class='ocrx_word' id='word_1_155' title='bbox 370 1523 470 1566; x_wconf 78' lang='lat'>262):</span> <span class='ocrx_word' id='word_1_156' title='bbox 502 1521 621 1556; x_wconf 79' lang='grc' dir='ltr'><em>πολλὰ</em></span> <span class='ocrx_word' id='word_1_157' title='bbox 651 1521 748 1556; x_wconf 84' lang='grc' dir='ltr'><em>πιὼν</em></span> <span class='ocrx_word' id='word_1_158' title='bbox 773 1519 980 1566; x_wconf 78' lang='grc' dir='ltr'><strong><em>τέθνηκας,</em></strong></span> <span class='ocrx_word' id='word_1_159' title='bbox 1011 1519 1221 1567; x_wconf 81' lang='grc' dir='ltr'><em>Ἀνάκρεον·</em></span> <span class='ocrx_word' id='word_1_160' title='bbox 1255 1520 1348 1555; x_wconf 79' lang='grc' dir='ltr'><em>ἀλλὰ</em></span> <span class='ocrx_word' id='word_1_161' title='bbox 1373 1520 1565 1566; x_wconf 81' lang='grc' dir='ltr'><strong><em>τρυφήσας</em></strong></span> <span class='ocrx_word' id='word_1_162' title='bbox 1590 1521 1654 1558; x_wconf 81' lang='grc' dir='ltr'>καὶ</span> <span class='ocrx_word' id='word_1_163' title='bbox 1680 1521 1724 1558; x_wconf 75' lang='grc' dir='ltr'><em>σύ</em></span> <span class='ocrx_word' id='word_1_164' title='bbox 1749 1535 1791 1568; x_wconf 75' lang='grc' dir='ltr'>γε</span> <span class='ocrx_word' id='word_1_165' title='bbox 1815 1522 1865 1570; x_wconf 85' lang='grc' dir='ltr'>μὴ</span> 
     </span>
     <span class='ocr_line' id='line_1_22' title="bbox 295 1567 1868 1614; baseline 0.001 -10"><span class='ocrx_word' id='word_1_166' title='bbox 295 1570 416 1604; x_wconf 85' lang='grc' dir='ltr'><em>πίνων</em></span> <span class='ocrx_word' id='word_1_167' title='bbox 443 1570 541 1612; x_wconf 80' lang='grc' dir='ltr'><strong><em>ἵξεαι</em></strong></span> <span class='ocrx_word' id='word_1_168' title='bbox 567 1568 619 1609; x_wconf 77' lang='grc' dir='ltr'>εἰς</span> <span class='ocrx_word' id='word_1_169' title='bbox 640 1567 761 1614; x_wconf 81' lang='grc' dir='ltr'><em>Ἀίδην</em></span> <span class='ocrx_word' id='word_1_170' title='bbox 853 1569 876 1603; x_wconf 85' lang='grc'><strong>6</strong></span> <span class='ocrx_word' id='word_1_171' title='bbox 893 1580 946 1613; x_wconf 87' lang='lat' dir='ltr'>sq.</span> <span class='ocrx_word' id='word_1_172' title='bbox 972 1569 1015 1604; x_wconf 84' lang='lat' dir='ltr'>T:</span> <span class='ocrx_word' id='word_1_173' title='bbox 1042 1567 1206 1603; x_wconf 84' lang='lat' dir='ltr'>incertus</span> <span class='ocrx_word' id='word_1_174' title='bbox 1231 1567 1501 1612; x_wconf 82' lang='lat' dir='ltr'>grammaticus</span> <span class='ocrx_word' id='word_1_175' title='bbox 1527 1569 1574 1604; x_wconf 90' lang='lat' dir='ltr'>de</span> <span class='ocrx_word' id='word_1_176' title='bbox 1600 1569 1724 1605; x_wconf 82' lang='lat' dir='ltr'>dubiis</span> <span class='ocrx_word' id='word_1_177' title='bbox 1749 1570 1868 1606; x_wconf 89' lang='lat' dir='ltr'>nomi-</span> 
     </span>
     <span class='ocr_line' id='line_1_23' title="bbox 294 1615 1868 1663; baseline 0.002 -13"><span class='ocrx_word' id='word_1_178' title='bbox 294 1616 405 1651; x_wconf 79' lang='lat' dir='ltr'>nibus</span> <span class='ocrx_word' id='word_1_179' title='bbox 432 1617 533 1662; x_wconf 86' lang='lat' dir='ltr'>apud</span> <span class='ocrx_word' id='word_1_180' title='bbox 558 1615 654 1653; x_wconf 89' lang='lat' dir='ltr'>Keil.</span> <span class='ocrx_word' id='word_1_181' title='bbox 675 1616 709 1651; x_wconf 96' lang='lat' dir='ltr'><strong>V</strong></span> <span class='ocrx_word' id='word_1_182' title='bbox 733 1628 768 1661; x_wconf 91' lang='lat' dir='ltr'>p.</span> <span class='ocrx_word' id='word_1_183' title='bbox 797 1619 864 1651; x_wconf 83' lang='lat'>572</span> <span class='ocrx_word' id='word_1_184' title='bbox 988 1616 1030 1652; x_wconf 84' lang='lat' dir='ltr'>S:</span> <span class='ocrx_word' id='word_1_185' title='bbox 1068 1616 1179 1652; x_wconf 85' lang='lat' dir='ltr'>Mart.</span> <span class='ocrx_word' id='word_1_186' title='bbox 1201 1615 1305 1651; x_wconf 90' lang='lat' dir='ltr'>VIIII</span> <span class='ocrx_word' id='word_1_187' title='bbox 1331 1619 1387 1659; x_wconf 87' lang='lat'>90,</span> <span class='ocrx_word' id='word_1_188' title='bbox 1416 1620 1452 1652; x_wconf 86' lang='lat'>1:</span> <span class='ocrx_word' id='word_1_189' title='bbox 1491 1616 1545 1652; x_wconf 86' lang='lat' dir='ltr'>sic</span> <span class='ocrx_word' id='word_1_190' title='bbox 1581 1616 1627 1652; x_wconf 87' lang='lat' dir='ltr'>in</span> <span class='ocrx_word' id='word_1_191' title='bbox 1663 1617 1868 1663; x_wconf 82' lang='lat' dir='ltr'>gramine</span> 
     </span>
     <span class='ocr_line' id='line_1_24' title="bbox 295 1662 1866 1711; baseline 0.002 -12"><span class='ocrx_word' id='word_1_192' title='bbox 295 1663 408 1699; x_wconf 87' lang='lat' dir='ltr'>floreo</span> <span class='ocrx_word' id='word_1_193' title='bbox 445 1663 638 1699; x_wconf 81' lang='lat' dir='ltr'>reclinis</span> <span class='ocrx_word' id='word_1_194' title='bbox 760 1663 890 1699; x_wconf 78' lang='lat'>9—12</span> <span class='ocrx_word' id='word_1_195' title='bbox 924 1663 967 1700; x_wconf 84' lang='lat' dir='ltr'>S:</span> <span class='ocrx_word' id='word_1_196' title='bbox 1000 1663 1170 1708; x_wconf 77' lang='lat' dir='ltr'>Satyrius</span> <span class='ocrx_word' id='word_1_197' title='bbox 1197 1663 1313 1709; x_wconf 88' lang='lat' dir='ltr'>epigr.</span> <span class='ocrx_word' id='word_1_198' title='bbox 1335 1667 1356 1698; x_wconf 87' lang='grc'><strong>3</strong></span> <span class='ocrx_word' id='word_1_199' title='bbox 1386 1664 1499 1708; x_wconf 84' lang='lat' dir='ltr'>(anal.</span> <span class='ocrx_word' id='word_1_200' title='bbox 1519 1664 1579 1700; x_wconf 86' lang='lat' dir='ltr'>Br.</span> <span class='ocrx_word' id='word_1_201' title='bbox 1599 1664 1635 1700; x_wconf 89' lang='lat' dir='ltr'><strong>H</strong></span> <span class='ocrx_word' id='word_1_202' title='bbox 1658 1676 1695 1711; x_wconf 90' lang='lat' dir='ltr'>p.</span> <span class='ocrx_word' id='word_1_203' title='bbox 1714 1668 1817 1711; x_wconf 47' lang='lat'>276„</span> <span class='ocrx_word' id='word_1_204' title='bbox 1843 1662 1866 1711; x_wconf 81' lang='grc' dir='ltr'><strong><em>ἦ</em></strong></span> 
     </span>
     <span class='ocr_line' id='line_1_25' title="bbox 295 1708 1868 1757; baseline 0.001 -10"><span class='ocrx_word' id='word_1_205' title='bbox 295 1711 411 1747; x_wconf 78' lang='grc' dir='ltr'><em>καλὸν</em></span> <span class='ocrx_word' id='word_1_206' title='bbox 437 1710 481 1747; x_wconf 78' lang='grc' dir='ltr'>αἱ</span> <span class='ocrx_word' id='word_1_207' title='bbox 504 1711 668 1757; x_wconf 81' lang='grc' dir='ltr'><em>δάφναι,</em></span> <span class='ocrx_word' id='word_1_208' title='bbox 695 1711 810 1746; x_wconf 78' lang='grc' dir='ltr'><em>καλὸν</em></span> <span class='ocrx_word' id='word_1_209' title='bbox 836 1709 875 1746; x_wconf 79' lang='grc' dir='ltr'>δ’</span> <span class='ocrx_word' id='word_1_210' title='bbox 897 1711 971 1746; x_wconf 82' lang='grc' dir='ltr'>ὑπὸ</span> <span class='ocrx_word' id='word_1_211' title='bbox 997 1708 1187 1756; x_wconf 80' lang='grc' dir='ltr'><strong><em>πυθμέσιν</em></strong></span> <span class='ocrx_word' id='word_1_212' title='bbox 1213 1710 1314 1755; x_wconf 71' lang='grc' dir='ltr'><em>ὕδωρ</em></span> <span class='ocrx_word' id='word_1_213' title='bbox 1339 1710 1484 1756; x_wconf 53' lang='lat' dir='ltr'>ababa,</span> <span class='ocrx_word' id='word_1_214' title='bbox 1510 1712 1672 1748; x_wconf 79' lang='grc' dir='ltr'><em>πυκινὸν</em></span> <span class='ocrx_word' id='word_1_215' title='bbox 1697 1712 1734 1748; x_wconf 77' lang='grc' dir='ltr'>δ’</span> <span class='ocrx_word' id='word_1_216' title='bbox 1757 1712 1868 1754; x_wconf 78' lang='grc' dir='ltr'><em>ἄλσος</em></span> 
     </span>
     <span class='ocr_line' id='line_1_26' title="bbox 294 1755 1869 1805; baseline 0.001 -11"><span class='ocrx_word' id='word_1_217' title='bbox 294 1759 493 1795; x_wconf 80' lang='grc' dir='ltr'><em>ὑποσκιάει</em></span> <span class='ocrx_word' id='word_1_218' title='bbox 518 1759 731 1804; x_wconf 77' lang='grc' dir='ltr'><em>θηλεθάον,</em></span> <span class='ocrx_word' id='word_1_219' title='bbox 758 1759 974 1805; x_wconf 79' lang='grc' dir='ltr'><em>ζεφύροισιν</em></span> <span class='ocrx_word' id='word_1_220' title='bbox 1001 1755 1217 1804; x_wconf 82' lang='grc' dir='ltr'><em>ἐπίδρομον,</em></span> <span class='ocrx_word' id='word_1_221' title='bbox 1249 1758 1368 1804; x_wconf 76' lang='grc' dir='ltr'><em>ἄλκαρ</em></span> <span class='ocrx_word' id='word_1_222' title='bbox 1401 1758 1544 1800; x_wconf 80' lang='grc' dir='ltr'><em>ὁδίταις</em></span> <span class='ocrx_word' id='word_1_223' title='bbox 1569 1760 1686 1805; x_wconf 77' lang='grc' dir='ltr'><strong><em>δίψης</em></strong></span> <span class='ocrx_word' id='word_1_224' title='bbox 1710 1759 1776 1796; x_wconf 78' lang='grc' dir='ltr'>καὶ</span> <span class='ocrx_word' id='word_1_225' title='bbox 1799 1773 1869 1796; x_wconf 77' lang='grc' dir='ltr'>κα-</span> 
     </span>
     <span class='ocr_line' id='line_1_27' title="bbox 295 1805 1866 1852; baseline 0.001 -10"><span class='ocrx_word' id='word_1_226' title='bbox 295 1808 413 1852; x_wconf 79' lang='grc' dir='ltr'><em>μάτου</em></span> <span class='ocrx_word' id='word_1_227' title='bbox 439 1807 504 1842; x_wconf 80' lang='grc' dir='ltr'>καὶ</span> <span class='ocrx_word' id='word_1_228' title='bbox 530 1806 668 1852; x_wconf 82' lang='grc' dir='ltr'><em>φλογὸς</em></span> <span class='ocrx_word' id='word_1_229' title='bbox 693 1806 820 1851; x_wconf 82' lang='grc' dir='ltr'><em>ἠελίου</em></span> <span class='ocrx_word' id='word_1_230' title='bbox 965 1807 990 1842; x_wconf 83' lang='grc'><strong>9</strong></span> <span class='ocrx_word' id='word_1_231' title='bbox 1025 1806 1127 1851; x_wconf 88' lang='lat' dir='ltr'>apud</span> <span class='ocrx_word' id='word_1_232' title='bbox 1151 1805 1414 1851; x_wconf 86' lang='lat' dir='ltr'>Philoxenum,</span> <span class='ocrx_word' id='word_1_233' title='bbox 1442 1805 1508 1850; x_wconf 91' lang='lat' dir='ltr'>qui</span> <span class='ocrx_word' id='word_1_234' title='bbox 1532 1807 1654 1842; x_wconf 82' lang='lat' dir='ltr'>multa</span> <span class='ocrx_word' id='word_1_235' title='bbox 1678 1807 1866 1843; x_wconf 82' lang='lat' dir='ltr'>uocabula</span> 
     </span>
     <span class='ocr_line' id='line_1_28' title="bbox 293 1852 1860 1901; baseline 0.001 -12"><span class='ocrx_word' id='word_1_236' title='bbox 293 1854 503 1890; x_wconf 86' lang='lat' dir='ltr'>Horatiana</span> <span class='ocrx_word' id='word_1_237' title='bbox 533 1855 804 1900; x_wconf 83' lang='lat' dir='ltr'>interpretatus</span> <span class='ocrx_word' id='word_1_238' title='bbox 836 1855 911 1898; x_wconf 81' lang='lat' dir='ltr'>est,</span> <span class='ocrx_word' id='word_1_239' title='bbox 942 1852 1099 1898; x_wconf 87' lang='lat' dir='ltr'>legitur:</span> <span class='ocrx_word' id='word_1_240' title='bbox 1129 1852 1304 1898; x_wconf 79' lang='lat' dir='ltr'>‘populus</span> <span class='ocrx_word' id='word_1_241' title='bbox 1330 1853 1434 1900; x_wconf 84' lang='lat' dir='ltr'>alba]</span> <span class='ocrx_word' id='word_1_242' title='bbox 1461 1853 1590 1899; x_wconf 79' lang='grc' dir='ltr'><em>λεύκη,</em></span> <span class='ocrx_word' id='word_1_243' title='bbox 1616 1854 1658 1890; x_wconf 84' lang='grc' dir='ltr'>τὸ</span> <span class='ocrx_word' id='word_1_244' title='bbox 1684 1852 1860 1901; x_wconf 79' lang='grc' dir='ltr'><em>δένδρον’</em></span> 
     </span>
     <span class='ocr_line' id='line_1_29' title="bbox 294 1899 1792 1948; baseline 0 -10"><span class='ocrx_word' id='word_1_245' title='bbox 294 1902 345 1938; x_wconf 90' lang='grc'>10</span> <span class='ocrx_word' id='word_1_246' title='bbox 372 1902 415 1938; x_wconf 82' lang='lat' dir='ltr'>S:</span> <span class='ocrx_word' id='word_1_247' title='bbox 440 1902 553 1948; x_wconf 88' lang='lat' dir='ltr'>Verg.</span> <span class='ocrx_word' id='word_1_248' title='bbox 574 1913 632 1947; x_wconf 90' lang='lat' dir='ltr'>ge.</span> <span class='ocrx_word' id='word_1_249' title='bbox 651 1902 723 1936; x_wconf 88' lang='lat' dir='ltr'>IIII</span> <span class='ocrx_word' id='word_1_250' title='bbox 743 1905 805 1937; x_wconf 78' lang='lat'>24:</span> <span class='ocrx_word' id='word_1_251' title='bbox 833 1900 1020 1945; x_wconf 88' lang='lat' dir='ltr'>obuiaque</span> <span class='ocrx_word' id='word_1_252' title='bbox 1045 1899 1221 1945; x_wconf 83' lang='lat' dir='ltr'>hospitiis</span> <span class='ocrx_word' id='word_1_253' title='bbox 1246 1901 1377 1936; x_wconf 86' lang='lat' dir='ltr'>teneat</span> <span class='ocrx_word' id='word_1_254' title='bbox 1397 1900 1660 1937; x_wconf 73' lang='lat' dir='ltr'>frondentibus</span> <span class='ocrx_word' id='word_1_255' title='bbox 1681 1902 1792 1938; x_wconf 79' lang='lat' dir='ltr'>arbos</span> 
     </span>
    </p>

    <p class='ocr_par' dir='ltr' id='par_1_4' title="bbox 292 1947 1907 2091">
     <span class='ocr_line' id='line_1_30' title="bbox 294 1947 1865 1996; baseline 0.001 -12"><span class='ocrx_word' id='word_1_256' title='bbox 294 1951 441 1996; x_wconf 83' lang='lat' dir='ltr'>amant]</span> <span class='ocrx_word' id='word_1_257' title='bbox 468 1949 608 1985; x_wconf 81' lang='lat' dir='ltr'>Graece</span> <span class='ocrx_word' id='word_1_258' title='bbox 636 1952 785 1994; x_wconf 80' lang='grc' dir='ltr'><em>φιλοῦσι</em></span> <span class='ocrx_word' id='word_1_259' title='bbox 907 1947 956 1983; x_wconf 83' lang='lat'>12</span> <span class='ocrx_word' id='word_1_260' title='bbox 984 1948 1026 1984; x_wconf 89' lang='lat' dir='ltr'>S:</span> <span class='ocrx_word' id='word_1_261' title='bbox 1053 1948 1141 1983; x_wconf 81' lang='lat' dir='ltr'>Aus.</span> <span class='ocrx_word' id='word_1_262' title='bbox 1162 1948 1255 1983; x_wconf 80' lang='lat' dir='ltr'>Mos.</span> <span class='ocrx_word' id='word_1_263' title='bbox 1276 1952 1339 1984; x_wconf 81' lang='lat'>29:</span> <span class='ocrx_word' id='word_1_264' title='bbox 1366 1949 1404 1983; x_wconf 88' lang='lat' dir='ltr'>et</span> <span class='ocrx_word' id='word_1_265' title='bbox 1428 1947 1529 1984; x_wconf 81' lang='lat' dir='ltr'>riuos</span> <span class='ocrx_word' id='word_1_266' title='bbox 1554 1948 1738 1995; x_wconf 85' lang='lat' dir='ltr'>trepido</span> <span class='ocrx_word' id='word_1_267' title='bbox 1763 1949 1865 1996; x_wconf 85' lang='lat' dir='ltr'>potis</span> 
     </span>
     <span class='ocr_line' id='line_1_31' title="bbox 294 1995 1907 2043; baseline 0.001 -11"><span class='ocrx_word' id='word_1_268' title='bbox 294 1997 538 2042; x_wconf 83' lang='lat' dir='ltr'>aequiperare</span> <span class='ocrx_word' id='word_1_269' title='bbox 563 1998 691 2031; x_wconf 83' lang='lat' dir='ltr'>meatu</span> <span class='ocrx_word' id='word_1_270' title='bbox 709 1997 722 2042; x_wconf 88' lang='grc' dir='ltr'>ΙΙ</span> <span class='ocrx_word' id='word_1_271' title='bbox 739 1995 851 2032; x_wconf 86' lang='lat' dir='ltr'>Prud.</span> <span class='ocrx_word' id='word_1_272' title='bbox 872 1995 1019 2031; x_wconf 86' lang='lat' dir='ltr'>cath.V</span> <span class='ocrx_word' id='word_1_273' title='bbox 1040 1999 1125 2031; x_wconf 82' lang='lat'>116:</span> <span class='ocrx_word' id='word_1_274' title='bbox 1157 1995 1284 2031; x_wconf 88' lang='lat' dir='ltr'>fundit</span> <span class='ocrx_word' id='word_1_275' title='bbox 1313 1995 1559 2031; x_wconf 70' lang='lat' dir='ltr'>fonticulis</span> <span class='ocrx_word' id='word_1_276' title='bbox 1584 1997 1660 2031; x_wconf 79' lang='lat' dir='ltr'>uda,</span> <span class='ocrx_word' id='word_1_277' title='bbox 1684 1996 1866 2043; x_wconf 82' lang='lat' dir='ltr'>fugaci·</span> <span class='ocrx_word' id='word_1_278' title='bbox 1904 2031 1907 2033; x_wconf 90' lang='grc'><em>,</em></span> 
     </span>
     <span class='ocr_line' id='line_1_32' title="bbox 292 2039 1864 2091; baseline 0.001 -12"><span class='ocrx_word' id='word_1_279' title='bbox 292 2045 376 2080; x_wconf 86' lang='lat' dir='ltr'>bus</span> <span class='ocrx_word' id='word_1_280' title='bbox 522 2044 570 2079; x_wconf 81' lang='lat'>13</span> <span class='ocrx_word' id='word_1_281' title='bbox 586 2056 640 2088; x_wconf 80' lang='lat' dir='ltr'>sq.</span> <span class='ocrx_word' id='word_1_282' title='bbox 680 2044 722 2080; x_wconf 87' lang='lat' dir='ltr'>S:</span> <span class='ocrx_word' id='word_1_283' title='bbox 760 2043 1060 2079; x_wconf 80' lang='lat' dir='ltr'>Anacreonteum</span> <span class='ocrx_word' id='word_1_284' title='bbox 1087 2046 1118 2088; x_wconf 80' lang='lat'>7,</span> <span class='ocrx_word' id='word_1_285' title='bbox 1140 2046 1160 2077; x_wconf 87' lang='grc'>5</span> <span class='ocrx_word' id='word_1_286' title='bbox 1176 2054 1274 2088; x_wconf 81' lang='lat' dir='ltr'>sqq.:</span> <span class='ocrx_word' id='word_1_287' title='bbox 1307 2039 1390 2089; x_wconf 76' lang='grc' dir='ltr'><em>ἐμοὶ</em></span> <span class='ocrx_word' id='word_1_288' title='bbox 1421 2041 1523 2090; x_wconf 77' lang='grc' dir='ltr'><em>μέλει</em></span> <span class='ocrx_word' id='word_1_289' title='bbox 1551 2043 1723 2091; x_wconf 77' lang='grc' dir='ltr'><em>μύροισιν</em></span> <span class='ocrx_word' id='word_1_290' title='bbox 1748 2058 1864 2081; x_wconf 78' lang='grc' dir='ltr'><strong><em>κατα-</em></strong></span> 
     </span>
    </p>
   </div>
   <div class='ocr_carea' id='block_1_4' title="bbox 318 2125 463 2128">
    <p class='ocr_par' dir='ltr' id='par_1_5' title="bbox 318 2125 463 2128">
     <span class='ocr_line' id='line_1_33' title="bbox 318 2125 463 2128; baseline 0 0"><span class='ocrx_word' id='word_1_291' title='bbox 318 2125 463 2128; x_wconf 95' lang='lat' dir='ltr'> </span> 
     </span>
    </p>
   </div>
   <div class='ocr_carea' id='block_1_5' title="bbox 293 2173 1899 2383">
    <p class='ocr_par' dir='ltr' id='par_1_6' title="bbox 293 2173 1899 2383">
     <span class='ocr_line' id='line_1_34' title="bbox 414 2173 1869 2221; baseline 0.002 -12"><span class='ocrx_word' id='word_1_292' title='bbox 414 2176 449 2209; x_wconf 76' lang='grc' dir='ltr'>Ω</span> <span class='ocrx_word' id='word_1_293' title='bbox 470 2192 512 2204; x_wconf 92' lang='lat'><strong><em>=</em></strong></span> <span class='ocrx_word' id='word_1_294' title='bbox 534 2173 1181 2221; x_wconf 71' lang='grc' dir='ltr'>ΑΒΟΒΕ(φψ)Βγὸλ’(λΖ)πατι]</span> <span class='ocrx_word' id='word_1_295' title='bbox 1256 2174 1280 2209; x_wconf 84' lang='grc'><strong>5</strong></span> <span class='ocrx_word' id='word_1_296' title='bbox 1307 2174 1404 2210; x_wconf 84' lang='lat' dir='ltr'>Saeu</span> <span class='ocrx_word' id='word_1_297' title='bbox 1429 2187 1457 2210; x_wconf 86' lang='grc' dir='ltr'><em>π</em></span> <span class='ocrx_word' id='word_1_298' title='bbox 1530 2175 1672 2211; x_wconf 72' lang='lat' dir='ltr'>mestus</span> <span class='ocrx_word' id='word_1_299' title='bbox 1698 2175 1869 2212; x_wconf 81' lang='lat' dir='ltr'><strong><em>BODF</em></strong></span> 
     </span>
     <span class='ocr_line' id='line_1_35' title="bbox 294 2227 1899 2276; baseline 0.001 -12"><span class='ocrx_word' id='word_1_300' title='bbox 294 2230 385 2264; x_wconf 77' lang='grc' dir='ltr'><em>ὃπιι</em></span> <span class='ocrx_word' id='word_1_301' title='bbox 421 2229 588 2263; x_wconf 81' lang='lat' dir='ltr'>maestus</span> <span class='ocrx_word' id='word_1_302' title='bbox 614 2232 691 2264; x_wconf 80' lang='lat' dir='ltr'>cett.</span> <span class='ocrx_word' id='word_1_303' title='bbox 791 2228 814 2263; x_wconf 84' lang='grc'><strong>9</strong></span> <span class='ocrx_word' id='word_1_304' title='bbox 842 2227 921 2270; x_wconf 85' lang='lat' dir='ltr'>Quo</span> <span class='ocrx_word' id='word_1_305' title='bbox 949 2229 984 2262; x_wconf 77' lang='grc' dir='ltr'><strong>Ω</strong></span> <span class='ocrx_word' id='word_1_306' title='bbox 1009 2229 1161 2274; x_wconf 76' lang='lat' dir='ltr'>itemque</span> <span class='ocrx_word' id='word_1_307' title='bbox 1188 2228 1290 2274; x_wconf 75' lang='lat' dir='ltr'>Very.</span> <span class='ocrx_word' id='word_1_308' title='bbox 1304 2228 1397 2264; x_wconf 85' lang='lat' dir='ltr'>Aen.</span> <span class='ocrx_word' id='word_1_309' title='bbox 1412 2228 1482 2263; x_wconf 89' lang='lat' dir='ltr'>XII</span> <span class='ocrx_word' id='word_1_310' title='bbox 1495 2231 1565 2263; x_wconf 81' lang='grc'>879</span> <span class='ocrx_word' id='word_1_311' title='bbox 1604 2227 1686 2271; x_wconf 78' lang='lat' dir='ltr'>Qua</span> <span class='ocrx_word' id='word_1_312' title='bbox 1702 2240 1730 2276; x_wconf 73' lang='lat' dir='ltr'><strong><em>y</em></strong></span> <span class='ocrx_word' id='word_1_313' title='bbox 1748 2230 1865 2276; x_wconf 79' lang='lat' dir='ltr'>(codd.</span> <span class='ocrx_word' id='word_1_314' title='bbox 1889 2256 1899 2260; x_wconf 77' lang='lat'><em>-</em></span> 
     </span>
     <span class='ocr_line' id='line_1_36' title="bbox 294 2281 1866 2327; baseline 0 -9"><span class='ocrx_word' id='word_1_315' title='bbox 294 2283 484 2327; x_wconf 75' lang='lat' dir='ltr'>Lambinz)</span> <span class='ocrx_word' id='word_1_316' title='bbox 607 2281 656 2316; x_wconf 90' lang='lat'>10</span> <span class='ocrx_word' id='word_1_317' title='bbox 688 2281 895 2317; x_wconf 65' lang='lat' dir='ltr'>Uumbram</span> <span class='ocrx_word' id='word_1_318' title='bbox 922 2282 945 2316; x_wconf 81' lang='grc' dir='ltr'><em>ὃ</em></span> <span class='ocrx_word' id='word_1_319' title='bbox 975 2281 1119 2316; x_wconf 82' lang='lat' dir='ltr'>Vmbra</span> <span class='ocrx_word' id='word_1_320' title='bbox 1143 2292 1181 2327; x_wconf 75' lang='grc' dir='ltr'>γι</span> <span class='ocrx_word' id='word_1_321' title='bbox 1279 2281 1510 2317; x_wconf 82' lang='lat' dir='ltr'>hosbitalem</span> <span class='ocrx_word' id='word_1_322' title='bbox 1535 2283 1560 2317; x_wconf 78' lang='grc' dir='ltr'><em>ὃ</em></span> <span class='ocrx_word' id='word_1_323' title='bbox 1655 2282 1866 2319; x_wconf 78' lang='lat' dir='ltr'>consotiare</span> 
     </span>
     <span class='ocr_line' id='line_1_37' title="bbox 293 2334 1867 2383; baseline 0.002 -13"><span class='ocrx_word' id='word_1_324' title='bbox 293 2336 457 2380; x_wconf 67' lang='lat' dir='ltr'>meu</span> <span class='ocrx_word' id='word_1_325' title='bbox 588 2334 636 2370; x_wconf 94' lang='grc'>11</span> <span class='ocrx_word' id='word_1_326' title='bbox 664 2334 853 2379; x_wconf 83' lang='lat' dir='ltr'>ramisque</span> <span class='ocrx_word' id='word_1_327' title='bbox 879 2336 918 2370; x_wconf 91' lang='lat' dir='ltr'>et</span> <span class='ocrx_word' id='word_1_328' title='bbox 943 2335 1078 2381; x_wconf 78' lang='lat' dir='ltr'>Haupt</span> <span class='ocrx_word' id='word_1_329' title='bbox 1115 2345 1315 2383; x_wconf 81' lang='lat' dir='ltr'>ramosque</span> <span class='ocrx_word' id='word_1_330' title='bbox 1341 2337 1380 2370; x_wconf 89' lang='lat' dir='ltr'>et</span> <span class='ocrx_word' id='word_1_331' title='bbox 1403 2336 1526 2371; x_wconf 86' lang='lat' dir='ltr'>Bentl.</span> <span class='ocrx_word' id='word_1_332' title='bbox 1564 2335 1697 2382; x_wconf 82' lang='lat' dir='ltr'>ramis,</span> <span class='ocrx_word' id='word_1_333' title='bbox 1722 2337 1762 2372; x_wconf 86' lang='lat' dir='ltr'>et</span> <span class='ocrx_word' id='word_1_334' title='bbox 1786 2335 1867 2373; x_wconf 78' lang='lat' dir='ltr'>Fea</span> 
     </span>
    </p>
   </div>
   <div class='ocr_carea' id='block_1_6' title="bbox 294 2372 1974 2436">
    <p class='ocr_par' dir='ltr' id='par_1_7' title="bbox 294 2372 1974 2436">
     <span class='ocr_line' id='line_1_38' title="bbox 294 2372 1974 2436; baseline 0.002 -12"><span class='ocrx_word' id='word_1_335' title='bbox 294 2388 497 2433; x_wconf 78' lang='lat' dir='ltr'>cannisque</span> <span class='ocrx_word' id='word_1_336' title='bbox 535 2390 574 2423; x_wconf 90' lang='lat' dir='ltr'>et</span> <span class='ocrx_word' id='word_1_337' title='bbox 610 2388 654 2424; x_wconf 75' lang='lat' dir='ltr'>G.</span> <span class='ocrx_word' id='word_1_338' title='bbox 685 2389 882 2424; x_wconf 85' lang='lat' dir='ltr'>Hermann</span> <span class='ocrx_word' id='word_1_339' title='bbox 1002 2388 1093 2432; x_wconf 90' lang='lat' dir='ltr'>quid</span> <span class='ocrx_word' id='word_1_340' title='bbox 1131 2388 1586 2433; x_wconf 67' lang='lat' dir='ltr'>A1BFR1yuar.3111n</span> <span class='ocrx_word' id='word_1_341' title='bbox 1609 2389 1702 2435; x_wconf 73' lang='lat' dir='ltr'>Pph.</span> <span class='ocrx_word' id='word_1_342' title='bbox 1728 2389 1865 2436; x_wconf 76' lang='lat' dir='ltr'>Porph.</span> <span class='ocrx_word' id='word_1_343' title='bbox 1925 2411 1928 2413; x_wconf 21' lang='grc' dir='ltr'><strong>Δ</strong></span> <span class='ocrx_word' id='word_1_344' title='bbox 1972 2372 1974 2374; x_wconf 23' lang='lat'><strong><em>¹</em></strong></span> 
     </span>
    </p>
   </div>
   <div class='ocr_carea' id='block_1_7' title="bbox 292 2440 1864 2541">
    <p class='ocr_par' dir='ltr' id='par_1_8' title="bbox 292 2440 1864 2541">
     <span class='ocr_line' id='line_1_39' title="bbox 292 2440 1864 2487; baseline 0.001 -9"><span class='ocrx_word' id='word_1_345' title='bbox 292 2443 398 2478; x_wconf 81' lang='lat' dir='ltr'>schol.</span> <span class='ocrx_word' id='word_1_346' title='bbox 416 2445 471 2487; x_wconf 84' lang='grc' dir='ltr'>λφ</span> <span class='ocrx_word' id='word_1_347' title='bbox 503 2443 617 2478; x_wconf 76' lang='lat' dir='ltr'>altero</span> <span class='ocrx_word' id='word_1_348' title='bbox 649 2442 724 2478; x_wconf 80' lang='lat' dir='ltr'>loco</span> <span class='ocrx_word' id='word_1_349' title='bbox 756 2443 922 2487; x_wconf 77' lang='lat' dir='ltr'>(interpr.</span> <span class='ocrx_word' id='word_1_350' title='bbox 951 2440 1111 2477; x_wconf 72' lang='lat' dir='ltr'>‘scilicet</span> <span class='ocrx_word' id='word_1_351' title='bbox 1142 2441 1174 2476; x_wconf 86' lang='lat' dir='ltr'>si</span> <span class='ocrx_word' id='word_1_352' title='bbox 1206 2452 1251 2477; x_wconf 87' lang='lat' dir='ltr'>ea</span> <span class='ocrx_word' id='word_1_353' title='bbox 1281 2453 1356 2476; x_wconf 87' lang='lat' dir='ltr'>non</span> <span class='ocrx_word' id='word_1_354' title='bbox 1386 2441 1558 2487; x_wconf 78' lang='lat' dir='ltr'>utimur’)</span> <span class='ocrx_word' id='word_1_355' title='bbox 1591 2442 1691 2486; x_wconf 89' lang='lat' dir='ltr'>quod</span> <span class='ocrx_word' id='word_1_356' title='bbox 1721 2443 1778 2478; x_wconf 86' lang='lat' dir='ltr'>D1</span> <span class='ocrx_word' id='word_1_357' title='bbox 1797 2443 1864 2480; x_wconf 80' lang='lat' dir='ltr'>Ac.</span> 
     </span>
     <span class='ocr_line' id='line_1_40' title="bbox 293 2494 1864 2541; baseline 0.001 -10"><span class='ocrx_word' id='word_1_358' title='bbox 293 2506 367 2540; x_wconf 90' lang='lat' dir='ltr'>quo</span> <span class='ocrx_word' id='word_1_359' title='bbox 395 2495 811 2541; x_wconf 67' lang='lat' dir='ltr'>0D2R273222q&gt;2a3u</span> <span class='ocrx_word' id='word_1_360' title='bbox 849 2494 971 2541; x_wconf 87' lang='lat' dir='ltr'>(‘qu0]</span> <span class='ocrx_word' id='word_1_361' title='bbox 1008 2494 1089 2529; x_wconf 89' lang='lat' dir='ltr'>ubi’</span> <span class='ocrx_word' id='word_1_362' title='bbox 1129 2495 1236 2530; x_wconf 80' lang='lat' dir='ltr'>schol.</span> <span class='ocrx_word' id='word_1_363' title='bbox 1263 2508 1284 2540; x_wconf 74' lang='grc' dir='ltr'><strong><em>γ</em></strong></span> <span class='ocrx_word' id='word_1_364' title='bbox 1331 2494 1396 2529; x_wconf 82' lang='lat' dir='ltr'>‘ad</span> <span class='ocrx_word' id='word_1_365' title='bbox 1422 2506 1534 2539; x_wconf 89' lang='lat' dir='ltr'>quem</span> <span class='ocrx_word' id='word_1_366' title='bbox 1558 2495 1697 2530; x_wconf 90' lang='lat' dir='ltr'>locum’</span> <span class='ocrx_word' id='word_1_367' title='bbox 1717 2497 1825 2532; x_wconf 74' lang='lat' dir='ltr'>schol.</span> <span class='ocrx_word' id='word_1_368' title='bbox 1845 2499 1864 2532; x_wconf 76' lang='grc' dir='ltr'><strong><em>λ</em></strong></span> 
     </span>
    </p>
   </div>
   <div class='ocr_carea' id='block_1_8' title="bbox 294 2547 1937 2598">
    <p class='ocr_par' dir='ltr' id='par_1_9' title="bbox 294 2547 1937 2598">
     <span class='ocr_line' id='line_1_41' title="bbox 294 2547 1937 2598; baseline 0.001 -15"><span class='ocrx_word' id='word_1_369' title='bbox 294 2549 349 2583; x_wconf 70' lang='lat' dir='ltr'>‘in</span> <span class='ocrx_word' id='word_1_370' title='bbox 379 2547 447 2584; x_wconf 92' lang='lat' dir='ltr'>illo</span> <span class='ocrx_word' id='word_1_371' title='bbox 479 2548 578 2583; x_wconf 88' lang='lat' dir='ltr'>loco’</span> <span class='ocrx_word' id='word_1_372' title='bbox 606 2549 714 2584; x_wconf 81' lang='lat' dir='ltr'>schol.</span> <span class='ocrx_word' id='word_1_373' title='bbox 742 2561 771 2593; x_wconf 83' lang='grc' dir='ltr'><strong><em>φ</em></strong></span> <span class='ocrx_word' id='word_1_374' title='bbox 811 2549 870 2583; x_wconf 79' lang='lat' dir='ltr'>‘ut</span> <span class='ocrx_word' id='word_1_375' title='bbox 901 2547 1067 2582; x_wconf 81' lang='lat' dir='ltr'>sinuoso&#39;</span> <span class='ocrx_word' id='word_1_376' title='bbox 1093 2548 1197 2594; x_wconf 71' lang='lat' dir='ltr'>yloss.</span> <span class='ocrx_word' id='word_1_377' title='bbox 1224 2548 1278 2593; x_wconf 90' lang='lat' dir='ltr'>D)</span> <span class='ocrx_word' id='word_1_378' title='bbox 1323 2547 1412 2592; x_wconf 79' lang='lat' dir='ltr'>quia</span> <span class='ocrx_word' id='word_1_379' title='bbox 1436 2548 1473 2583; x_wconf 81' lang='lat' dir='ltr'><strong><em>A</em></strong></span> <span class='ocrx_word' id='word_1_380' title='bbox 1487 2552 1573 2594; x_wconf 78' lang='lat' dir='ltr'>post</span> <span class='ocrx_word' id='word_1_381' title='bbox 1589 2560 1663 2585; x_wconf 85' lang='lat' dir='ltr'>ras.</span> <span class='ocrx_word' id='word_1_382' title='bbox 1701 2560 1814 2597; x_wconf 78' lang='lat' dir='ltr'>quoq3</span> <span class='ocrx_word' id='word_1_383' title='bbox 1839 2562 1865 2597; x_wconf 78' lang='lat' dir='ltr'><strong><em>y</em></strong></span> <span class='ocrx_word' id='word_1_384' title='bbox 1932 2594 1937 2598; x_wconf 19' lang='grc' dir='ltr'><strong><em>Ἴ</em></strong></span> 
     </span>
    </p>
   </div>
   <div class='ocr_carea' id='block_1_9' title="bbox 292 2600 1865 2969">
    <p class='ocr_par' dir='ltr' id='par_1_10' title="bbox 295 2600 1865 2648">
     <span class='ocr_line' id='line_1_42' title="bbox 295 2600 1865 2648; baseline 0 -10"><span class='ocrx_word' id='word_1_385' title='bbox 295 2613 368 2647; x_wconf 91' lang='lat' dir='ltr'>quo</span> <span class='ocrx_word' id='word_1_386' title='bbox 394 2603 434 2637; x_wconf 91' lang='lat' dir='ltr'>et</span> <span class='ocrx_word' id='word_1_387' title='bbox 457 2613 482 2648; x_wconf 75' lang='lat' dir='ltr'><strong><em>y</em></strong></span> <span class='ocrx_word' id='word_1_388' title='bbox 522 2612 597 2646; x_wconf 89' lang='lat' dir='ltr'>qua</span> <span class='ocrx_word' id='word_1_389' title='bbox 623 2603 662 2637; x_wconf 90' lang='lat' dir='ltr'>et</span> <span class='ocrx_word' id='word_1_390' title='bbox 690 2602 920 2648; x_wconf 73' lang='lat' dir='ltr'>Ouninyham</span> <span class='ocrx_word' id='word_1_391' title='bbox 946 2602 979 2647; x_wconf 93' lang='lat'>()</span> <span class='ocrx_word' id='word_1_392' title='bbox 1005 2602 1083 2637; x_wconf 76' lang='lat' dir='ltr'>uid.</span> <span class='ocrx_word' id='word_1_393' title='bbox 1105 2601 1248 2647; x_wconf 72' lang='lat' dir='ltr'>Epiley.</span> <span class='ocrx_word' id='word_1_394' title='bbox 1397 2600 1446 2635; x_wconf 81' lang='lat'>12</span> <span class='ocrx_word' id='word_1_395' title='bbox 1472 2601 1605 2646; x_wconf 81' lang='lat' dir='ltr'>Lymfa</span> <span class='ocrx_word' id='word_1_396' title='bbox 1629 2602 1668 2638; x_wconf 88' lang='lat' dir='ltr'><em>B</em></span> <span class='ocrx_word' id='word_1_397' title='bbox 1703 2601 1865 2648; x_wconf 82' lang='lat' dir='ltr'>Limpha</span> 
     </span>
    </p>

    <p class='ocr_par' dir='ltr' id='par_1_11' title="bbox 292 2654 1865 2754">
     <span class='ocr_line' id='line_1_43' title="bbox 292 2654 1865 2702; baseline 0.001 -11"><span class='ocrx_word' id='word_1_398' title='bbox 292 2667 358 2692; x_wconf 68' lang='lat' dir='ltr'>nu</span> <span class='ocrx_word' id='word_1_399' title='bbox 393 2655 572 2701; x_wconf 83' lang='lat' dir='ltr'>Nympha</span> <span class='ocrx_word' id='word_1_400' title='bbox 596 2654 646 2701; x_wconf 88' lang='lat' dir='ltr'>(N</span> <span class='ocrx_word' id='word_1_401' title='bbox 669 2656 785 2691; x_wconf 74' lang='lat' dir='ltr'>‘minio</span> <span class='ocrx_word' id='word_1_402' title='bbox 805 2656 924 2701; x_wconf 77' lang='lat' dir='ltr'>pieta)</span> <span class='ocrx_word' id='word_1_403' title='bbox 949 2662 979 2700; x_wconf 82' lang='grc' dir='ltr'>ψ</span> <span class='ocrx_word' id='word_1_404' title='bbox 1016 2654 1188 2700; x_wconf 83' lang='lat' dir='ltr'>Lympha</span> <span class='ocrx_word' id='word_1_405' title='bbox 1211 2658 1288 2691; x_wconf 80' lang='lat' dir='ltr'>cett.</span> <span class='ocrx_word' id='word_1_406' title='bbox 1414 2654 1464 2689; x_wconf 82' lang='lat'>13</span> <span class='ocrx_word' id='word_1_407' title='bbox 1489 2654 1597 2690; x_wconf 90' lang='lat' dir='ltr'>Hunc</span> <span class='ocrx_word' id='word_1_408' title='bbox 1621 2660 1742 2692; x_wconf 70' lang='lat' dir='ltr'>nante</span> <span class='ocrx_word' id='word_1_409' title='bbox 1752 2664 1865 2702; x_wconf 59' lang='grc' dir='ltr'><em>ναθκψ</em></span> 
     </span>
     <span class='ocr_line' id='line_1_44' title="bbox 365 2707 1863 2754; baseline 0.001 -11"><span class='ocrx_word' id='word_1_410' title='bbox 365 2710 534 2754; x_wconf 86' lang='lat' dir='ltr'>ungenta</span> <span class='ocrx_word' id='word_1_411' title='bbox 558 2709 694 2744; x_wconf 72' lang='grc' dir='ltr'>Βπαα</span> <span class='ocrx_word' id='word_1_412' title='bbox 707 2709 904 2745; x_wconf 79' lang='lat' dir='ltr'>Pseudacr.</span> <span class='ocrx_word' id='word_1_413' title='bbox 918 2719 1009 2744; x_wconf 82' lang='lat' dir='ltr'>corr.</span> <span class='ocrx_word' id='word_1_414' title='bbox 1048 2708 1243 2754; x_wconf 89' lang='lat' dir='ltr'>unguenta</span> <span class='ocrx_word' id='word_1_415' title='bbox 1267 2708 1291 2742; x_wconf 77' lang='grc' dir='ltr'><em>ὃ</em></span> <span class='ocrx_word' id='word_1_416' title='bbox 1371 2707 1505 2745; x_wconf 84' lang='lat' dir='ltr'>breues</span> <span class='ocrx_word' id='word_1_417' title='bbox 1531 2708 1702 2746; x_wconf 64' lang='lat' dir='ltr'>Faz&#39;nu</span> <span class='ocrx_word' id='word_1_418' title='bbox 1737 2709 1863 2745; x_wconf 79' lang='lat' dir='ltr'>breuis</span> 
     </span>
    </p>

    <p class='ocr_par' dir='ltr' id='par_1_12' title="bbox 293 2760 1862 2807">
     <span class='ocr_line' id='line_1_45' title="bbox 293 2760 1862 2807; baseline 0.002 -10"><span class='ocrx_word' id='word_1_419' title='bbox 293 2766 370 2798; x_wconf 72' lang='lat' dir='ltr'>cett.</span> <span class='ocrx_word' id='word_1_420' title='bbox 385 2774 506 2798; x_wconf 74' lang='lat' dir='ltr'>unar.</span> <span class='ocrx_word' id='word_1_421' title='bbox 522 2762 589 2798; x_wconf 84' lang='lat' dir='ltr'>Ac.</span> <span class='ocrx_word' id='word_1_422' title='bbox 604 2762 801 2798; x_wconf 80' lang='lat' dir='ltr'>Pseudacr.</span> <span class='ocrx_word' id='word_1_423' title='bbox 825 2761 1048 2807; x_wconf 62' lang='lat' dir='ltr'>(genitium</span> <span class='ocrx_word' id='word_1_424' title='bbox 1068 2762 1140 2796; x_wconf 81' lang='lat' dir='ltr'>est&#39;</span> <span class='ocrx_word' id='word_1_425' title='bbox 1161 2762 1328 2807; x_wconf 73' lang='lat' dir='ltr'>interpr.)</span> <span class='ocrx_word' id='word_1_426' title='bbox 1419 2760 1470 2796; x_wconf 81' lang='lat'>14</span> <span class='ocrx_word' id='word_1_427' title='bbox 1495 2772 1650 2798; x_wconf 87' lang='lat' dir='ltr'>amoene</span> <span class='ocrx_word' id='word_1_428' title='bbox 1675 2762 1862 2800; x_wconf 72' lang='lat' dir='ltr'>Rmtwid.</span> 
     </span>
    </p>

    <p class='ocr_par' dir='ltr' id='par_1_13' title="bbox 295 2815 1864 2862">
     <span class='ocr_line' id='line_1_46' title="bbox 295 2815 1864 2862; baseline 0.003 -13"><span class='ocrx_word' id='word_1_429' title='bbox 295 2815 524 2862; x_wconf 67' lang='lat' dir='ltr'>amoenaeslat</span> <span class='ocrx_word' id='word_1_430' title='bbox 549 2826 746 2851; x_wconf 75' lang='lat' dir='ltr'>amenaeu</span> <span class='ocrx_word' id='word_1_431' title='bbox 770 2815 1028 2861; x_wconf 72' lang='lat' dir='ltr'>amaenaeDy</span> <span class='ocrx_word' id='word_1_432' title='bbox 1054 2825 1230 2850; x_wconf 86' lang='lat' dir='ltr'>amoenos</span> <span class='ocrx_word' id='word_1_433' title='bbox 1245 2816 1426 2851; x_wconf 77' lang='lat' dir='ltr'>mutuid.</span> <span class='ocrx_word' id='word_1_434' title='bbox 1452 2826 1633 2851; x_wconf 83' lang='lat' dir='ltr'>amoenae</span> <span class='ocrx_word' id='word_1_435' title='bbox 1652 2820 1730 2853; x_wconf 75' lang='lat' dir='ltr'>cett.</span> <span class='ocrx_word' id='word_1_436' title='bbox 1754 2816 1864 2853; x_wconf 65' lang='lat' dir='ltr'>Rem</span> 
     </span>
    </p>

    <p class='ocr_par' dir='ltr' id='par_1_14' title="bbox 293 2868 1863 2969">
     <span class='ocr_line' id='line_1_47' title="bbox 293 2868 1863 2916; baseline 0.002 -13"><span class='ocrx_word' id='word_1_437' title='bbox 293 2870 376 2903; x_wconf 78' lang='lat' dir='ltr'>iube</span> <span class='ocrx_word' id='word_1_438' title='bbox 402 2871 423 2903; x_wconf 84' lang='grc' dir='ltr'><em>δ</em></span> <span class='ocrx_word' id='word_1_439' title='bbox 443 2870 484 2903; x_wconf 80' lang='lat' dir='ltr'>in</span> <span class='ocrx_word' id='word_1_440' title='bbox 504 2880 575 2904; x_wconf 79' lang='lat' dir='ltr'>ras.</span> <span class='ocrx_word' id='word_1_441' title='bbox 650 2880 733 2904; x_wconf 81' lang='lat' dir='ltr'>rose</span> <span class='ocrx_word' id='word_1_442' title='bbox 761 2869 792 2904; x_wconf 81' lang='lat'><em>0</em></span> <span class='ocrx_word' id='word_1_443' title='bbox 908 2868 958 2904; x_wconf 86' lang='lat'>15</span> <span class='ocrx_word' id='word_1_444' title='bbox 984 2870 1023 2904; x_wconf 86' lang='lat' dir='ltr'>et</span> <span class='ocrx_word' id='word_1_445' title='bbox 1047 2869 1147 2904; x_wconf 85' lang='lat' dir='ltr'>omis.</span> <span class='ocrx_word' id='word_1_446' title='bbox 1167 2868 1207 2903; x_wconf 87' lang='lat' dir='ltr'><em>D</em></span> <span class='ocrx_word' id='word_1_447' title='bbox 1214 2879 1274 2913; x_wconf 76' lang='lat' dir='ltr'>pr.</span> <span class='ocrx_word' id='word_1_448' title='bbox 1349 2868 1422 2904; x_wconf 82' lang='lat' dir='ltr'>&amp;as</span> <span class='ocrx_word' id='word_1_449' title='bbox 1448 2869 1462 2903; x_wconf 84' lang='lat' dir='ltr'><em>l</em></span> <span class='ocrx_word' id='word_1_450' title='bbox 1486 2869 1602 2915; x_wconf 85' lang='lat' dir='ltr'>aetas,</span> <span class='ocrx_word' id='word_1_451' title='bbox 1626 2880 1645 2905; x_wconf 85' lang='lat'>8</span> <span class='ocrx_word' id='word_1_452' title='bbox 1667 2870 1711 2905; x_wconf 68' lang='lat' dir='ltr'>‘bn</span> <span class='ocrx_word' id='word_1_453' title='bbox 1728 2880 1814 2916; x_wconf 63' lang='lat' dir='ltr'>ras„</span> <span class='ocrx_word' id='word_1_454' title='bbox 1838 2870 1863 2905; x_wconf 80' lang='grc' dir='ltr'><em>ὃ</em></span> 
     </span>
     <span class='ocr_line' id='line_1_48' title="bbox 366 2920 1048 2969; baseline 0.004 -14"><span class='ocrx_word' id='word_1_455' title='bbox 366 2921 416 2955; x_wconf 83' lang='grc'>16</span> <span class='ocrx_word' id='word_1_456' title='bbox 443 2920 540 2955; x_wconf 90' lang='lat' dir='ltr'>Filia</span> <span class='ocrx_word' id='word_1_457' title='bbox 561 2934 585 2957; x_wconf 86' lang='lat' dir='ltr'><strong><em>a</em></strong></span> <span class='ocrx_word' id='word_1_458' title='bbox 609 2926 694 2958; x_wconf 73' lang='lat' dir='ltr'>ante</span> <span class='ocrx_word' id='word_1_459' title='bbox 718 2933 790 2958; x_wconf 84' lang='lat' dir='ltr'>ras.</span> <span class='ocrx_word' id='word_1_460' title='bbox 861 2922 985 2969; x_wconf 69' lang='lat' dir='ltr'>sssatra</span> <span class='ocrx_word' id='word_1_461' title='bbox 1010 2922 1048 2958; x_wconf 82' lang='lat' dir='ltr'><em>R</em></span> 
     </span>
    </p>
   </div>
  </div>
 </body>
</html>
