2002 3224
839 140 927 175 LIB.
947 140 973 175 Ι.
1002 142 1142 175 35—36
1720 140 1777 182 85

545 256 666 306 metui
686 252 852 291 deorum
884 253 1100 306 continuit,
1132 251 1277 304 quihus

544 325 724 376 pepercit
755 321 866 364 aris‘?
909 335 931 363 o
964 325 1114 363 utinam
1148 335 1251 363 noua

605 395 748 435 incude
781 395 963 447 diffingas
995 400 1203 435 retunsum
1236 397 1277 435 in

663 466 902 519 Massagetas
933 466 1161 519 Arabasque
1195 466 1364 507 ferrum!
1731 475 1775 507 40

875 699 1093 747 XXXVI.

541 802 590 841 Et
621 806 709 841 ture
742 807 782 842 et
813 801 958 841 fidibus
991 802 1102 841 iuuat

599 874 755 926 placare
787 879 827 914 et
858 873 976 914 uituli
1008 875 1201 926 sanguine
1234 873 1368 913 debito

543 945 727 986 custodes
760 945 954 985 Numidae
986 945 1100 999 deos,

603 1019 671 1070 qui
701 1030 807 1057 nunc
838 1017 1033 1070 Hesperia
1066 1029 1204 1070 sospes
1238 1016 1286 1056 ab
1319 1016 1455 1056 ultima

542 1090 645 1129 caris
677 1088 800 1128 multa
832 1089 1053 1143 sodalibus,
1753 1098 1773 1128 5
1841 1088 1845 1091 “

599 1160 698 1200 nulli
730 1160 844 1212 plura
877 1165 1011 1200 tamen
1043 1161 1186 1200 diuidit
1219 1160 1354 1200 oscula

539 1244 658 1284 quam
690 1231 797 1271 dulci
828 1231 1006 1285 Lamiae,
1038 1244 1192 1271 memor

600 1309 708 1343 actae
740 1315 821 1343 non
853 1303 929 1343 alio
962 1315 1056 1355 rege
1089 1304 1269 1356 puertiae

191 1457 259 1492 aut
283 1455 350 1491 ubi
376 1454 509 1491 sceleri
533 1453 726 1501 pepercit?
751 1454 899 1536 qurg.
920 1454 1011 1491 Aen.
1027 1454 1114 1491 VIH
1135 1458 1203 1490 205
1219 1466 1292 1500 sq.:
1326 1453 1470 1499 nequid
1500 1454 1675 1490 inausum
1708 1457 1775 1491 aut

191 1503 442 1552 intractatum*
472 1502 673 1539 scelerisue
705 1502 752 1537 do
770 1501 831 1538 iue
862 1501 998 1538 fuisset
1151 1503 1202 1539 36
1218 1514 1271 1548 sq.
1312 1503 1355 1540 S:
1393 1502 1477 1538 Ter.
1498 1503 1559 1539 ad.
1579 1503 1648 1538 ΠΙΙ
1674 1507 1706 1549 2,
1728 1507 1772 1539 26

191 1553 306 1598 (565);
332 1551 398 1587 ille
423 1562 557 1586 manus
584 1549 794 1586 continebit
911 1550 961 1586 38
977 1562 1031 1596 sq.
1059 1551 1102 1587 S:
1130 1550 1195 1587 Sil.
1215 1550 1286 1586 1111
1307 1554 1368 1588 15:
1394 1552 1648 1596 recocuntque
1673 1562 1774 1587 noua

190 1600 343 1635 fornace
366 1599 550 1645 bipennes
658 1597 810 1634 38-40
838 1598 880 1635 S:
906 1598 1041 1634 Aesch.
1063 1598 1220 1644 choeph.
1242 1603 1329 1635 647:
1355 1598 1606 1646 προχαλκεύει
1626 1596 1664 1634 δ’
1681 1597 1773 1635 Αἷσα

191 1645 480 1694 φασγανουργός
498 1649 510 1692 ΙΙ
528 1647 640 1692 Verg.
656 1646 747 1682 Aen.
759 1645 830 1681 VII
844 1649 913 1681 629
926 1658 999 1691 sq.:
1023 1645 1158 1691 positis
1177 1645 1378 1682 incudibus
1398 1647 1510 1682 urbes
1530 1647 1610 1683 tela
1628 1649 1775 1683 nonant

309 1707 327 1743 Ι
352 1711 408 1743 36.
461 1707 482 1742 1
515 1707 558 1743 T:
592 1706 694 1742 Seru.
716 1705 763 1740 de
788 1717 836 1742 m.
858 1705 945 1742 Hor.
966 1705 1036 1740 IIII
1054 1718 1091 1751 p.
1111 1709 1181 1741 469
1237 1705 1358 1743 Diom.
1384 1718 1421 1752 p.
1443 1709 1512 1742 523
1562 1705 1704 1743 Victor.
1726 1707 1772 1743 de

191 1768 241 1792 m.
256 1756 342 1792 Hor.
356 1766 393 1800 p.
410 1758 478 1790 176
578 1753 602 1789 2
627 1754 671 1790 T:
691 1753 834 1790 Victor.
855 1753 902 1789 de
927 1766 976 1788 m.
995 1753 1084 1789 Hor.
1105 1765 1141 1799 p.
1163 1757 1232 1790 174
1330 1753 1354 1790 4
1379 1755 1423 1791 T:
1451 1754 1552 1790 Seru.
1574 1755 1624 1790 ad
1643 1754 1735 1791 Aen.
1756 1755 1773 1790 I

190 1807 332 1888 {zzz-is·
352 1803 389 1897 g
409 1802 564 1886 ξέὃὸθη.
578 1801 730 1847 Thyest.
747 1805 856 1838 1023:
882 1801 1071 1847 osculare3
1093 1801 1221 1838 diuide
1241 1802 1438 1848 amplexus
1458 1802 1580 1837 tribus
1679 1802 1702 1839 8
1728 1804 1770 1839 T:

313 2021 348 2054 Ω,
368 2036 411 2048 =
432 2017 1080 2066 ABCDF(q21p)Ryd*2-'(zl)wau]
1178 2018 1229 2054 38
1267 2018 1438 2064 Pepercit
1469 2019 1506 2055 R
1603 2018 1712 2055 utina
1745 2020 1775 2056 0

189 2074 241 2110 39
274 2072 451 2118 diffingas
477 2071 805 2118 ΑΟΒΒγδφαα
817 2083 909 2109 corr.
936 2073 1137 2110 Pseudacr.
1182 2071 1335 2118 diffigas
1366 2084 1464 2118 αρν.
1504 2072 1682 2108 diffindas
1713 2085 1771 2112 πς

189 2127 374 2172 deffingas
393 2124 423 2161 λ’
463 2125 632 2172 defingas
658 2126 887 2172 BZpffasap
907 2128 940 2173 ()
1038 2128 1235 2163 retunsum
1260 2126 1353 2173 Pph.
1372 2127 1508 2172 Porph.
1547 2128 1717 2163 retusum
1737 2130 1772 2163 ,Ω

187 2181 255 2218 Ac.
271 2182 304 2227 ()
377 2179 442 2216 39.
465 2178 515 2215 40
541 2180 710 2215 retusum
732 2181 737 2226 Ι
759 2179 803 2214 In
821 2181 1059 2227 massagetas
1083 2180 1114 2217 G
1158 2180 1198 2215 in
1217 2182 1340 2217 omisit
1359 2182 1430 2219 ὄις
1504 2180 1555 2217 40
1579 2182 1720 2226 ferrum
1734 2182 1771 2218 R

307 2258 325 2293 Ι
351 2261 407 2294 36.
457 2257 523 2292 AD
550 2249 751 2293 NVMIDX
768 2257 847 2294 ΒΟ
891 2257 1210 2295 EVOARISTIOE
1230 2258 1296 2293 AD
1317 2258 1555 2294 NVMIDAM
1574 2258 1771 2295 AMICVM

188 2311 375 2347 LAMIAE
414 2310 580 2357 (LAMIE
619 2311 652 2357 λ)
690 2310 997 2347 REDEVNTEM
1038 2312 1112 2348 Ἑλ]
1187 2308 1543 2348 EVCHARISTICE
1580 2312 1768 2348 LAMIAE

189 2388 416 2425 NVMIDAE
451 2387 604 2424 AMICO
639 2372 819 2432 LOQVI'i*
850 2389 1105 2425 REDEVNTI
1128 2404 1149 2436 γ
1223 2389 1581 2426 EVOHARISTIOE
1609 2389 1769 2435 (EVCA-

189 2443 377 2479 RISTICE
391 2444 431 2488 u)
446 2442 512 2478 AD
529 2442 767 2479 NVMIDAM
781 2444 939 2490 (reliqua
958 2445 1058 2480 omis.
1076 2443 1347 2491 u)PLOT1VM
1367 2442 1563 2480 AMICVM
1581 2443 1768 2479 LAMIAE

190 2521 440 2564 LOQVITVR
462 2519 709 2566 (LIQVITVR
731 2522 768 2567 ὃ)
787 2519 1096 2557 REDEVNTEM
1119 2506 1365 2567 (REDENTFI
1379 2523 1418 2557 δι
1445 2522 1590 2567 reliqua
1609 2523 1709 2558 omis.
1727 2524 1769 2567 π)

191 2575 240 2636 ab
265 2574 442 2636 hispania
467 2585 540 2619 quo
566 2573 704 2610 missus
729 2575 856 2611 fuerat
874 2575 923 2610 ad
942 2575 1123 2611 bellandi-1
1145 2577 1236 2612 δπα
1285 2575 1351 2610 AD
1373 2575 1571 2611 LAMIAM
1595 2576 1680 2611 DR
1688 2588 1712 2611 a

189 2628 528 2728 omer-loytzgiajqa,
553 2689 603 2727 ψι
622 2694 698 2719 ‘non
717 2654 840 2729 liquet*
865 2683 949 2718 ture
968 2687 1046 2719 cett.
1069 2683 1283 2720 Victorinus
1314 2684 1416 2718 turre
1437 2682 1589 2719 Seruius
1661 2682 1770 2719 iuuat

191 2753 314 2799 (iuuat
344 2752 413 2797 At)
445 2752 598 2799 placare
621 2755 625 2799 Ι
647 2753 697 2789 Et
728 2753 841 2789 uituli
866 2753 1063 2789 AODRa
1192 2753 1216 2789 3
1248 2753 1401 2789 numide
1436 2753 1498 2789 Οπ
1534 2738 1704 2790 Πῗῐηίᾶειθ
1731 2755 1767 2791 R

191 2806 216 2842 4
240 2806 401 2851 hespera
427 2806 459 2842 Ο
528 2806 587 2851 ab,
613 2806 638 2841 b
663 2809 706 2843 in
730 2819 815 2853 ras„
843 2808 866 2842 δ
964 2806 988 2842 5
1014 2806 1125 2841 Karis
1151 2809 1294 2853 ς(μρυ)
1392 2808 1416 2842 6
1449 2807 1566 2843 Nulla
1595 2808 1718 2854 anr.

190 2860 316 2907 plura]
340 2858 472 2905 pulcra
492 2871 520 2895 u
617 2860 640 2896 8
666 2861 761 2896 Acte
787 2864 806 2896 λ
878 2859 1066 2906 pueritiae
1094 2860 1208 2896 Cum
1244 2860 1416 2906 puertiae
1436 2862 1568 2899 diserte
1586 2866 1768 2899 testantur

193 2914 385 2950 Charisius
409 2917 443 2949 et
466 2914 570 2960 yloss.
592 2914 686 2950 Hor.
706 2915 739 2960 ()
