2002 3224
272 156 360 199 264
820 158 1005 195 HORATI
1032 160 1296 197 CARMINVM

557 271 726 324 inpune,
757 270 878 324 Lolli,
910 283 1073 323 carpere
1105 271 1248 312 liuidas

559 341 792 382 obliuiones.
843 347 905 382 est
936 344 1092 383 animus
1122 343 1196 383 tibi

619 426 832 466 rerumque
863 414 1041 467 prudens
1074 419 1113 455 et
1144 416 1329 456 secundis
1795 427 1841 459 35

675 485 923 538 temporibus
956 486 1166 539 dubiisque
1199 492 1344 542 rectus,

559 556 705 596 uindex
738 570 879 597 auarae
911 557 1061 598 fraudis
1093 563 1133 598 et
1163 558 1367 600 abstinens

560 628 742 668 ducentis
774 629 820 668 ad
855 642 896 669 se
931 635 1071 670 cuncta
1103 633 1315 686 pecuniae,

624 700 841 753 consulque
873 714 953 741 non
984 703 1103 742 unius
1134 705 1245 757 anni,

681 773 750 812 sed
783 775 967 825 quotiens
998 774 1126 814 bonus
1158 779 1275 828 atque
1308 776 1410 816 fidus
1797 785 1844 819 40

560 844 679 884 iudex
711 845 923 885 honestum
954 846 1143 898 praetulit
1173 846 1275 901 utili,

561 917 701 955 reiecit
732 916 809 956 alto
842 916 944 957 dona
974 919 1204 958 nocentium

620 986 744 1041 uoltu,
774 1000 847 1040 per
879 987 1073 1029 obstantis
1107 994 1287 1030 cateruas

681 1058 872 1111 explicuit
903 1071 973 1099 sua
1004 1061 1135 1100 uictor
1166 1073 1286 1101 arma.

561 1142 640 1169 non
673 1130 943 1182 possidentem
974 1131 1097 1172 multa
1128 1134 1336 1173 uocaueris
1798 1143 1845 1176 45

562 1207 669 1241 recte
701 1201 878 1256 beatum3
911 1205 1060 1243 rectius
1092 1209 1258 1257 occupat

622 1285 767 1313 nomen
798 1273 915 1328 beati,
950 1276 1019 1326 qui
1050 1275 1216 1315 deorum

682 1345 916 1385 muneribus
948 1347 1148 1398 sapienter
1178 1348 1237 1387 uti

564 1417 782 1469 duramque
815 1417 930 1457 callet
960 1420 1192 1471 pauperiem
1223 1421 1306 1472 pati

563 1490 756 1541 peiusque
788 1487 867 1528 leto
899 1488 1092 1541 flagitium
1123 1492 1249 1544 timet,
1801 1501 1847 1533 50

622 1572 702 1600 non
734 1559 799 1600 ille
831 1573 904 1613 pro
937 1562 1040 1601 caris
1072 1563 1210 1602 amicis

684 1636 750 1671 aut
780 1633 907 1685 patria
939 1633 1103 1673 timidus
1134 1635 1278 1686 perire.

397 1758 448 1795 35
463 1770 518 1804 sq.
545 1759 588 1796 S:
610 1758 696 1795 Tac.
718 1759 834 1795 ann.1
855 1763 916 1796 64:
944 1760 1192 1795 secundarum
1217 1760 1554 1806 ambiguarumque
1578 1772 1702 1798 rerum
1727 1762 1847 1799 soiens

278 1817 396 1852 eoque
427 1806 622 1842 interritus
743 1806 791 1842 37
821 1807 863 1844 S:
898 1807 1107 1852 symmach.
1134 1807 1243 1854 epist.
1263 1807 1437 1845 V11121:
1469 1819 1517 1843 ne
1543 1820 1618 1854 qua
1649 1819 1713 1845 eos
1743 1809 1847 1846 fraus

277 1865 395 1890 auara
421 1855 627 1890 commutet
723 1852 771 1889 41
800 1854 844 1891 S:
869 1854 981 1890 Prud.
1009 1866 1038 1891 c.
1061 1855 1094 1891 S.
1121 1855 1156 1890 11
1182 1858 1267 1892 158:
1293 1866 1340 1890 ne
1365 1855 1556 1901 praeferat
1580 1856 1674 1893 utile
1698 1856 1798 1893 iusto

279 1902 329 1940 45
344 1914 397 1947 sq.
428 1903 523 1938 ‘non
543 1923 588 1928 —-
608 1901 782 1937 beatum’
835 1903 878 1939 T:
903 1902 1010 1939 floril.
1036 1902 1118 1938 Par.
1146 1905 1259 1938 88182
1317 1903 1360 1940 S:
1395 1903 1583 1940 Censorin.
1610 1904 1658 1940 de
1682 1903 1744 1940 die
1767 1906 1845 1942 nat.

279 1955 311 1997 1,
337 1955 376 1986 4:
409 1949 526 1995 igitur
557 1948 734 1994 quoniam
768 1948 927 1994 quisque
957 1961 1032 1985 non
1063 1951 1204 1995 quanto
1235 1950 1346 1996 plura
1375 1950 1562 1997 possidet,
1601 1951 1667 1988 sed
1704 1953 1847 1998 quanto

277 1997 458 2044 pauciora
477 1998 587 2042 optat
606 2025 613 2033 .
631 2025 662 2034 ..
804 1995 851 2032 47
869 2008 922 2042 sq.
944 1997 987 2034 S:
1008 1997 1115 2033 Hom.
1130 1996 1173 2034 11.
1197 2000 1301 2034 θεῶν
1321 1999 1424 2043 δῶρα
1450 1999 1505 2044 (Il.
1528 1999 1595 2035 XX
1615 2002 1685 2036 265
1711 1999 1818 2047 alibi)
1834 2000 1849 2048 ΙΙ

279 2045 472 2082 Claudian.
494 2043 673 2080 inRuf.1
695 2047 848 2089 215sq.:
887 2046 1023 2080 natura
1060 2044 1212 2081 beatis
1245 2045 1419 2082 omnibus
1452 2057 1534 2082 esse
1567 2046 1688 2094 dedit,
1728 2046 1848 2093 siquis

278 2091 499 2139 cognouerit
524 2091 593 2127 uti

376 2231 411 2264 ,Ω
431 2247 475 2259 --
495 2228 1130 2277 Α’(Αα)ΒΓ<φψ>Βγὸλ’(λῖ)πα]
1209 2230 1259 2267 33
1285 2231 1428 2277 Inpune
1450 2231 1631 2269 FReuu
1673 2232 1790 2279 Ipune
1810 2234 1847 2269 Β

279 2285 434 2330 Impune
460 2287 537 2319 cett.
635 2281 685 2319 34
713 2282 912 2320 Obliuione
937 2284 975 2319 B
1025 2283 1234 2320 Obliuionis
1260 2296 1356 2331 apr.
1467 2285 1517 2323 35
1542 2297 1705 2332 rarumq.
1731 2287 1799 2324 Ac.

279 2349 352 2383 que
377 2338 477 2373 omis.
499 2337 599 2373 A'B
608 2336 643 2372 λ’
719 2337 904 2373 secundus
929 2350 957 2373 π
975 2349 1009 2373 a.
1030 2348 1102 2374 ras.
1201 2337 1251 2374 36
1278 2337 1477 2384 duuiisque
1502 2350 1542 2376 αι
1615 2340 1728 2376 rectis
1748 2353 1846 2389 mpr.

328 2391 377 2428 37
406 2392 445 2426 et
464 2412 508 2416 ——
528 2402 565 2427 u.
586 2389 636 2427 40
662 2402 730 2427 om.
756 2392 793 2427 B
908 2390 1076 2427 abstines
1102 2394 1189 2437 zpr.
1241 2391 1435 2428 abstinens
1461 2397 1539 2430 cett.
1637 2393 1688 2430 38
1712 2405 1846 2441 peccu—

278 2446 340 2493 nie
366 2457 393 2481 u
440 2444 633 2493 pecuniae,
659 2444 811 2491 uiryula
835 2445 881 2481 ab
908 2446 970 2481 alt.
996 2457 1054 2490 m,
1080 2445 1117 2481 R
1214 2443 1266 2480 40
1291 2444 1356 2480 Set
1380 2457 1419 2491 71
1493 2446 1671 2491 quociens
1697 2450 1717 2483 λ
1756 2458 1847 2493 quo-

279 2499 351 2534 ties
377 2510 416 2545 71
537 2496 586 2533 41
613 2497 771 2543 pretulit
794 2498 849 2534 1331
970 2510 1034 2534 uu.
1061 2495 1223 2533 42—45
1249 2499 1348 2534 omis.
1374 2499 1412 2534 B
1527 2498 1578 2535 43
1602 2500 1718 2536 Voltu
1743 2501 1848 2537 Fon

280 2552 398 2588 Vultu
423 2550 618 2597 A'Ryz'u
732 2551 927 2587 obstantes
955 2552 1149 2598 FRsyb‘u
1197 2551 1384 2587 obstantis
1410 2556 1487 2589 cett.
1603 2554 1776 2590 cateruas
1804 2556 1848 2592 in

280 2618 349 2644 ras.
380 2607 403 2641 δ
475 2603 526 2640 44
553 2603 768 2650 Eexplicuit
792 2606 827 2649 ὃ,
854 2634 861 2641 .
883 2606 927 2641 ab
953 2606 1016 2641 alt.
1042 2617 1166 2652 manu,
1193 2605 1222 2640 E
1241 2618 1266 2642 a
1283 2606 1477 2643 miniatore
1502 2607 1635 2644 addita
1706 2606 1758 2645 45
1783 2619 1847 2644 uo-

281 2658 426 2695 caberis
458 2657 492 2693 2'
526 2658 620 2704 Pph.
653 2659 763 2704 floril.
797 2659 918 2694 Paris.
969 2658 1113 2695 uocaris
1149 2671 1177 2696 u
1365 2657 1414 2695 47
1454 2659 1547 2705 quid
1589 2671 1717 2697 eorum
1759 2663 1799 2698 δι

283 2712 334 2749 49
361 2712 452 2748 cal&
479 2711 594 2748 callet
619 2713 643 2747 ὃ
786 2711 837 2748 50
862 2710 1052 2768 Peifflssflq·
1079 2715 1112 2759 ὃ,
1140 2736 1184 2750 ψ
1209 2714 1255 2749 ab
1280 2713 1343 2749 alt.
1369 2725 1414 2749 m.
1536 2714 1614 2751 leto
1639 2715 1720 2753 BR
1769 2715 1847 2764 leto

282 2767 382 2803 Αὸα
430 2765 531 2801 loeto
563 2765 737 2811 Fyi'na
857 2766 905 2802 51
940 2766 1082 2802 amicus
1108 2768 1121 2802 l
1151 2771 1235 2803 ante
1265 2778 1339 2803 ras.
1365 2772 1398 2803 et
1430 2779 1520 2805 corr.
1643 2767 1694 2805 52
1724 2769 1847 2815 perire

285 2820 450 2865 FRyM
469 2831 551 2856 παν.
565 2831 593 2854 π
607 2829 647 2855 a2
672 2831 753 2856 aar.
775 2820 804 2856 ΖΞ
823 2831 941 2856 πωπω
960 2821 1053 2866 Pph.
1073 2821 1208 2867 Porph.
1229 2821 1336 2857 schol.
1351 2823 1406 2866 λφ
1455 2820 1597 2867 peribit
1625 2819 1764 2858 A'Ba'
1792 2825 1847 2868 (at

280 2872 346 2908 lib.
373 2872 494 2917 perire
519 2875 538 2907 λ
563 2875 580 2907 1
605 2875 664 2919 (=
683 2873 758 2919 uel)
783 2872 904 2919 perire
931 2875 959 2920 l)
984 2876 1016 2920 ()
