2002 3224
254 189 336 232 138
795 188 980 224 HORATI
1006 188 1271 225 CARMINVM

597 300 742 340 limites
777 299 979 340 clientium
1772 306 1817 337 25

656 371 750 411 salis
783 369 956 411 auarus?
987 371 1149 424 pellitur
1178 376 1364 424 paternos
1699 368 1701 370 ’

596 444 637 482 111
670 444 759 482 sinu
791 443 925 482 ferens
957 443 1052 482 deos

654 519 693 554 et
724 527 824 554 uxor
855 519 895 554 et
925 516 990 554 uir
1022 514 1283 567 sordidosque
1315 519 1440 554 natos.

595 585 699 625 nulla
733 587 879 625 certior
909 590 1041 626 tamen

654 659 806 710 rapacis
839 657 932 698 Orci
963 658 1040 697 fine
1073 658 1268 697 destinata
1769 662 1815 694 30

594 728 680 768 aula
712 729 877 768 diuitem
908 734 1040 769 manet

653 812 776 840 erum.
821 800 915 852 quid
947 800 1050 840 ultra
1081 797 1242 840 tendis?
1273 812 1397 851 aequa
1428 798 1545 838 tellus

594 872 759 923 pauperi
790 870 1009 910 recluditur

654 955 871 994 regumque
903 944 1057 995 pueris,
1089 954 1163 981 nec
1195 941 1352 981 satelles
1384 940 1476 980 Orci

593 1013 778 1053 callidum
809 1013 1043 1053 Promethea
1768 1017 1813 1049 35

652 1086 808 1125 reuexit
839 1098 934 1125 auro
967 1089 1123 1137 captus:
1155 1084 1219 1124 hic
1251 1083 1466 1136 superbum

245 1223 323 1248 suo.
375 1211 544 1257 sequitur
580 1224 642 1247 ux
657 1223 711 1248 or
747 1210 995 1257 illacrimans,
1038 1211 1234 1255 tamquam
1278 1210 1327 1245 ad
1370 1209 1524 1244 bustum
1565 1206 1815 1253 prosequatur

246 1259 424 1295 maritum
521 1260 571 1295 23
587 1272 640 1304 sq.
669 1260 711 1296 S:
739 1258 893 1302 Quintil.
915 1258 1071 1295 declam.
1093 1261 1148 1304 13,
1170 1262 1190 1292 2
1216 1270 1252 1303 p.
1274 1261 1342 1293 272
1358 1257 1397 1293 B.
1418 1257 1457 1292 et
1478 1259 1533 1303 13,
1557 1258 1598 1291 11
1613 1266 1649 1300 p.
1671 1256 1741 1289 284
1753 1253 1813 1290 B.:

249 1309 466 1353 ‘postquam
497 1307 688 1353 proximos
720 1317 889 1352 quosque
913 1305 1128 1342 reuellendo
1154 1305 1334 1341 terminos
1360 1315 1451 1349 ager
1474 1300 1674 1349 locupletis
1697 1300 1814 1336 latius

245 1355 460 1390 inundauit’
563 1354 643 1390 ‘ubi
682 1354 782 1390 enim
818 1365 894 1389 11011
930 1354 1008 1389 iam
1040 1353 1202 1388 diuitum
1233 1352 1425 1398 priuatum
1456 1351 1515 1387 est
1538 1350 1598 1397 (cf.
1618 1360 1649 1386 ο.
1668 1348 1704 1384 11
1729 1349 1814 1395 15)‘?

246 1414 379 1448 parum
413 1404 470 1438 est
500 1402 688 1448 proximos
722 1413 884 1447 aequare
909 1401 1089 1437 terminos
1115 1402 1154 1436 et
1177 1399 1434 1446 possessiones
1460 1410 1547 1434 suas
1572 1397 1679 1434 uelut
1703 1407 1814 1442 quas·

246 1451 333 1485 dam
364 1452 496 1495 gentes
528 1450 743 1486 fluminibus
778 1449 1043 1494 montibusque
1081 1447 1327 1493 distinguere’
1463 1445 1515 1482 24
1529 1458 1583 1491 sq.
1623 1445 1667 1482 S:
1703 1443 1815 1481 Prud.

244 1498 405 1535 hamart.
425 1502 495 1533 432
511 1510 583 1543 sq.:
621 1497 686 1533 ille
722 1496 963 1542 superuacuis
996 1507 1138 1541 augens
1163 1494 1393 1541 patrimonia
1417 1493 1544 1530 fundis
1568 1491 1815 1537 finitimisque

244 1545 396 1581 inhians
421 1547 636 1592 contempto
665 1544 815 1580 limite
842 1544 1013 1590 agellis
1115 1543 1167 1579 26
1183 1555 1237 1588 sq.
1261 1543 1347 1579 ‘hoc
1371 1553 1482 1589 posse
1507 1540 1588 1577 fieri
1611 1551 1658 1576 ex
1679 1538 1815 1575 Horati

244 1593 356 1629 dictis
389 1593 662 1639 intellegimus„
699 1592 781 1638 qui,
818 1603 901 1627 cum
932 1592 1149 1637 loqueretur
1179 1592 1226 1626 de
1261 1590 1386 1626 auaris
1414 1588 1652 1636 potentibus,
1686 1586 1743 1623 ait
1766 1586 1814 1623 de

244 1640 367 1676 uicino
400 1641 556 1677 cliente:
600 1639 754 1686 pellitur
787 1661 835 1666 ——
869 1640 973 1675 deos’
1009 1639 1109 1675 Seru.
1131 1639 1180 1674 ad
1206 1639 1298 1674 Aen.
1322 1638 1373 1674 VI
1393 1642 1462 1673 609
1612 1635 1662 1672 27
1684 1646 1739 1680 sq.
1765 1633 1812 1671 cf.

246 1688 343 1724 Plot.
361 1700 397 1733 p.
414 1692 499 1724 530:
527 1688 566 1723 in
592 1687 676 1723 sinu
700 1687 824 1723 ferens
851 1688 940 1723 deos
966 1689 1005 1722 et
1029 1699 1064 1723 u.
1085 1697 1116 1723 8.
1136 1698 1170 1722 u.
1199 1686 1444 1731 sordidasque
1469 1685 1594 1721 uestes
1690 1682 1742 1719 28
1768 1681 1813 1719 S:

244 1735 353 1771 Mart.
375 1736 392 1770 I
416 1739 479 1781 49,
502 1739 546 1771 27
565 1748 637 1780 sq..:
675 1735 802 1771 focum
832 1734 1005 1770 infante
1038 1734 1202 1770 cinctum
1234 1733 1419 1768 sordido
1563 1730 1714 1767 29-32
1741 1730 1813 1765 ‘se-

243 1783 416 1828 pulcrum
454 1783 562 1819 sedes
598 1785 766 1819 uocatur.
799 1783 887 1818 Hor.
919 1782 1025 1817 nulla
1063 1803 1108 1808 -
1145 1782 1263 1816 erum’
1304 1781 1404 1816 Seru.
1426 1780 1476 1815 ad
1494 1780 1586 1815 Aen,
1599 1778 1651 1814 VI
1671 1780 1739 1813 152

244 1830 294 1866 30
322 1831 367 1867 S:
395 1830 541 1868 Gallim.
562 1831 666 1866 anth.
681 1830 758 1866 Pal.
773 1830 841 1865 VH
858 1841 887 1866 0.
902 1833 960 1875 80,
974 1834 1013 1865 6:
1040 1828 1276 1875 ἁρπακτὴρ
1298 1827 1415 1873 Ἀίδης
1433 1829 1446 1873 ΙΙ
1464 1827 1550 1862 Eur.
1564 1825 1608 1862 fr.
1623 1829 1703 1871 916,
1715 1823 1811 1860 4N.:

245 1879 338 1913 κούκ
366 1876 465 1914 ἔστιν
492 1878 596 1924 ὄρος
621 1879 831 1924 κείμενος
857 1876 982 1918 οὐδεὶς
1007 1875 1060 1917 εἰς
1084 1876 1128 1912 ὄν
1153 1889 1238 1911 τινα
1264 1875 1332 1922 χρὴ
1358 1874 1486 1911 κέλσαι
1510 1877 1684 1919 θνητοῖς,
1713 1871 1812 1917 πλὴν

244 1924 334 1961 ὅταν
355 1924 449 1973 ἔλθῃ
469 1925 608 1972 κρυερὰ
629 1925 774 1961 Διόθεν
792 1924 966 1960 θανάτου
986 1926 1206 1969 πεμφθεῖσα
1225 1922 1375 1967 τελευτή
1394 1924 1406 1968 ΙΙ
1426 1922 1508 1958 Sen.
1522 1920 1681 1956 Phaedr.
1699 1922 1810 1956 1152:

245 1975 380 2018 patruo
409 1973 568 2018 rapaci
594 1975 654 2019 (=
672 1972 840 2017 Plutoni)
859 1973 871 2018 ΙΙ
890 1971 971 2007 Tib.
993 1972 1007 2005 Ι
1034 1975 1068 2017 3,
1089 1974 1150 2007 65:
1175 1982 1316 2016 rapax
1339 1981 1439 2005 mors
1559 1968 1609 2004 31
1637 1967 1741 2014 aula]
1767 1967 1811 2004 S:

243 2021 330 2056 Eur.
356 2020 435 2056 Alc.
463 2024 531 2055 259
547 2032 644 2065 sqq.:
682 2019 766 2066 ἄγει
793 2019 837 2065 μέ
863 2033 918 2060 τις
937 2048 943 2055 .
961 2048 968 2055 .
984 2048 992 2056 .
1010 2018 1154 2054 νεκύων
1181 2015 1218 2059 ἐς
1242 2017 1362 2054 αὐλάν
1382 2046 1390 2054 .
1406 2047 1413 2054 .
1431 2047 1437 2053 .
1457 2015 1643 2063 πτερωτὸς
1658 2013 1782 2056 ’Ἅιδας
1799 2014 1812 2062 ΙΙ

243 2067 282 2103 O.
301 2068 328 2103 I.
349 2068 388 2103 L.
408 2068 442 2103 V
456 2071 567 2104 6128:
592 2067 838 2113 praecipitem
863 2068 1003 2102 memet
1027 2065 1153 2112 superi
1177 2076 1338 2101 mersere
1363 2065 1431 2100 sub
1452 2064 1582 2100 aulas
1602 2074 1647 2098 ac
1665 2061 1811 2098 tumulo

244 2114 386 2150 clusere
412 2115 523 2160 graui
643 2113 795 2150 32—34
822 2115 865 2151 S:
891 2114 1062 2149 Ambros.
1082 2115 1109 2149 t.
1130 2114 1146 2149 Ι
1170 2126 1206 2159 p.
1228 2116 1314 2149 565:
1339 2115 1441 2149 terra
1464 2111 1587 2148 nescit
1609 2111 1702 2146 fines
1724 2120 1811 2156 pos—

245 2161 453 2197 sessionum
491 2162 661 2208 sepulcro
699 2162 907 2198 includere:
948 2172 1106 2207 cespes
1145 2162 1327 2206 angustus
1366 2170 1508 2205 aeque
1538 2160 1583 2195 et
1615 2155 1812 2204 pauperi

247 2209 418 2245 abundat
453 2211 496 2245 et
527 2209 669 2245 diuiti
695 2209 756 2253 (cf.
776 2209 845 2245 loc.
867 2209 948 2246 sim.
967 2210 1003 2244 ΙΙ
1029 2214 1061 2254 3,
1084 2212 1127 2244 21
1143 2210 1238 2254 sqq.)
1361 2206 1412 2244 34
1427 2219 1507 2253 sqq.
1534 2206 1717 2243 Graecam
1741 2204 1811 2240 ali-

243 2268 357 2302 quam
381 2257 562 2303 fabulam,
588 2269 664 2302 qua
687 2257 932 2293 Prometheus
964 2268 1055 2293 auro
1087 2256 1216 2292 ablato
1249 2256 1390 2292 frustra
1421 2254 1626 2300 aliquando
1658 2263 1682 2289 a
1712 2252 1810 2288 Cha-

242 2306 349 2340 ronte
374 2304 531 2350 petiisse
556 2305 760 2351 ferebatur,
785 2307 828 2340 ut
853 2315 935 2340 sese
961 2304 1010 2339 ad.
1033 2314 1187 2350 superos
1206 2303 1413 2348 reueheret,
1433 2303 1583 2338 uidetur
1600 2300 1809 2347 respexisse

313 2351 363 2387 34
390 2353 433 2389 S:
462 2352 617 2389 Leonid.
638 2353 722 2388 Tar.
745 2365 773 2388 c.
795 2356 852 2398 59,
874 2357 892 2388 1
915 2352 1029 2399 (anal.
1048 2352 1107 2388 Br.
1129 2351 1144 2386 I
1170 2364 1206 2397 p.
1228 2352 1327 2397 235):
1350 2350 1473 2387 Ἀίδεω
1493 2349 1633 2395 λυπηρὲ
1653 2348 1806 2393 ὃιήκονε

314 2399 364 2435 35
384 2399 628 2436 Prometheus
648 2400 750 2446 apud
767 2400 855 2436 Hes.
870 2400 995 2445 theog.
1011 2403 1077 2435 511
1104 2398 1316 2445 αἰολόμητις
1334 2399 1492 2435 uocatur
1588 2396 1639 2433 36
1653 2408 1708 2442 sq.
1730 2395 1805 2432 ‘hic

362 2520 397 2553 Ω,
416 2537 461 2548 =
481 2512 1146 2565 A'(Aa)BODF'(‹p1p)Rvanu]
1220 2517 1269 2553 ‘25
1297 2516 1474 2552 Limitem
1505 2518 1613 2551 διπα
1648 2514 1804 2551 Limites

242 2577 442 2608 cenatum.
529 2572 579 2608 28
618 2571 827 2619 sordidosq3
853 2573 903 2617 D,
928 2572 991 2607 sed
1014 2570 1123 2607 rdido
1147 2572 1190 2607 in
1201 2582 1273 2607 ras.
1356 2569 1406 2605 29
1445 2569 1586 2605 cercior
1609 2569 1758 2606 DRau

242 2625 293 2661 30
318 2625 390 2661 fine
417 2626 901 2672 SZPph.schol.F9loss.Zq>
940 2625 1027 2660 sede
1053 2635 1075 2662 ς
1089 2624 1242 2661 Seruius
1260 2625 1291 2670 ()
1314 2624 1392 2659 uid.
1408 2624 1552 2670 Epileqi
1690 2635 1727 2659 u.
1753 2622 1803 2658 31

242 2680 342 2714 omis.
364 2680 473 2725 (Mor,
499 2680 585 2716 add.
611 2679 689 2715 ead.
709 2691 755 2715 m.
775 2680 818 2715 in
835 2690 904 2725 my.
1049 2677 1099 2713 31
1134 2678 1237 2713 Aula
1260 2688 1304 2713 ‘1112
1311 2705 1323 2722 ‚
1353 2678 1455 2714 omis.
1475 2677 1628 2713 Seruius
1665 2676 1754 2712 aula
1777 2688 1806 2712 π

241 2734 462 2769 continuans
485 2734 582 2769 hunc
604 2738 750 2769 uersum
774 2733 900 2769 uersm'
924 2736 970 2767 30
1071 2730 1121 2766 32
1147 2730 1297 2775 Erumq,
1318 2729 1409 2774 quid
1433 2730 1470 2766 R
1542 2730 1682 2765 Herum
1706 2732 1806 2775 ’γλαε

242 2786 355 2820 Erum
381 2788 459 2822 cett.
475 2786 626 2823 Seruius
692 2799 809 2832 aequa
832 2787 938 2823 tellus
963 2786 1008 2821 ab
1021 2785 1137 2821 altera
1149 2784 1449 2829 manuscriptum
1462 2784 1504 2818 in
1517 2783 1556 2818 D
1622 2794 1758 2828 equau

243 2838 293 2873 33
320 2839 708 2887 Pauperissrecluditur
732 2841 769 2876 R
889 2839 939 2875 36
965 2837 1124 2874 Reuexit
1148 2837 1235 2873 A'B
1244 2837 1484 2873 0131&sz
1497 2838 1625 2883 qlossy
1639 2838 1803 2883 (interpr.

246 2891 443 2937 ‘reduxit’)
480 2892 632 2928 Reuixit
663 2893 828 2938 Fyffpr.
868 2892 1045 2928 Reuinxit
1077 2891 1414 2927 F2R2Bcorrazu1
1440 2890 1610 2937 yzoss..D
1637 2891 1804 2936 (interpr.

244 2944 446 2990 ‘resoluit')
